
<record format="MARC21" type="Bibliographic">
  <leader>00000nca a2200121 a 4500</leader>
  <controlfield tag="001">D182137A03974020902F0000F4CA4383</controlfield>
  <controlfield tag="003">KONVERSIO</controlfield>
  <controlfield tag="005">20180213134821.0</controlfield>
  <controlfield tag="007">qu</controlfield>
  <controlfield tag="008">080909s2008    fi ||a|||||||||||||||||| </controlfield>
  <datafield tag="035" ind1=" " ind2=" ">
    <subfield code="a">{D182137A-0397-4020-902F-0000F4CA4383}</subfield>
  </datafield>
  <datafield tag="084" ind1=" " ind2=" ">
    <subfield code="a">78.322</subfield>
    <subfield code="2">ykl</subfield>
  </datafield>
  <datafield tag="100" ind1="1" ind2=" ">
    <subfield code="a">Kuula, Toivo,</subfield>
    <subfield code="e">säv.</subfield>
  </datafield>
  <datafield tag="240" ind1="1" ind2="0">
    <subfield code="a">Laulut,</subfield>
    <subfield code="m">lauluääni, piano,</subfield>
    <subfield code="n">op31a</subfield>
  </datafield>
  <datafield tag="246" ind1="3" ind2=" ">
    <subfield code="a">Purjein kuutamolla</subfield>
  </datafield>
  <datafield tag="246" ind1="3" ind2=" ">
    <subfield code="a">Karjapihassa</subfield>
  </datafield>
  <datafield tag="773" ind1="0" ind2=" ">
    <subfield code="7">nncm</subfield>
    <subfield code="w">9790550095212</subfield>
    <subfield code="a">Kuula, Toivo</subfield>
    <subfield code="t">Kootut yksinlaulut</subfield>
    <subfield code="h">[Nuottijulkaisu]. -</subfield>
    <subfield code="d">Helsinki : Fennica Gehrman, 2008. -</subfield>
    <subfield code="m">1 partituuri. -</subfield>
    <subfield code="o">979-0-55009-521-2</subfield>
  </datafield>
</record>