
<record format="MARC21" type="Bibliographic">
  <leader>00000nca a2200097 a 4500</leader>
  <controlfield tag="001">A0256031</controlfield>
  <controlfield tag="003">KONVERSIO</controlfield>
  <controlfield tag="005">20180213134821.0</controlfield>
  <controlfield tag="007">qu</controlfield>
  <controlfield tag="008">960401s1993    fi ppz|||||||||||||||||| </controlfield>
  <datafield tag="035" ind1=" " ind2=" ">
    <subfield code="a">{0567A157-04E5-4EE2-9508-00014C0B6A5D}</subfield>
  </datafield>
  <datafield tag="245" ind1="0" ind2="0">
    <subfield code="a">Lapin tango.</subfield>
  </datafield>
  <datafield tag="773" ind1="0" ind2=" ">
    <subfield code="7">nncm</subfield>
    <subfield code="w">9516437109</subfield>
    <subfield code="t">Suuri toivelaulukirja</subfield>
    <subfield code="h">[Nuottijulkaisu]. -</subfield>
    <subfield code="d">Helsinki : Musiikki Fazer : Suuri suomalainen kirjakerho. -</subfield>
    <subfield code="m">1 sävelmäkokoelma. -</subfield>
    <subfield code="z">951-643-710-9. -</subfield>
    <subfield code="o">M-042-07849-5. -</subfield>
    <subfield code="o">FM07849-3. -</subfield>
    <subfield code="g">7</subfield>
  </datafield>
</record>