
<record format="MARC21" type="Bibliographic">
  <leader>00000nja a2200085 a 4500</leader>
  <controlfield tag="001">A1268598</controlfield>
  <controlfield tag="003">KONVERSIO</controlfield>
  <controlfield tag="005">20180213134822.0</controlfield>
  <controlfield tag="007">sd||||g|||m||d</controlfield>
  <controlfield tag="008">080219s2007    fi rc||||||||||||||||||| </controlfield>
  <datafield tag="035" ind1=" " ind2=" ">
    <subfield code="a">{28675122-E378-4CC1-87DD-0001A152856B}</subfield>
  </datafield>
  <datafield tag="245" ind1="0" ind2="0">
    <subfield code="a">Telemacho.</subfield>
  </datafield>
  <datafield tag="773" ind1="0" ind2=" ">
    <subfield code="7">nnjm</subfield>
    <subfield code="w">4E82AFA73F3D40F997DF2329358B7B2D</subfield>
    <subfield code="a">Mr Velcro Fastener</subfield>
    <subfield code="t">Telemacho</subfield>
    <subfield code="h">[Äänite]. -</subfield>
    <subfield code="b">10th anniversary edition. -</subfield>
    <subfield code="d">[s.l.] : Uhotrax/Uhoproduction, p2007. -</subfield>
    <subfield code="m">2 CD-äänilevyä. -</subfield>
    <subfield code="o">5088432</subfield>
  </datafield>
</record>