
<record format="MARC21" type="Bibliographic">
  <leader>00000nam a2200205 a 4500</leader>
  <controlfield tag="001">9513221563</controlfield>
  <controlfield tag="003">KONVERSIO</controlfield>
  <controlfield tag="005">20180213134822.0</controlfield>
  <controlfield tag="008">060608s2006    fi ||||j|66   ||||1|fin| </controlfield>
  <datafield tag="020" ind1=" " ind2=" ">
    <subfield code="a">951-32-2156-3</subfield>
    <subfield code="q">nid.</subfield>
  </datafield>
  <datafield tag="035" ind1=" " ind2=" ">
    <subfield code="a">{2F9ABF45-483D-4AF7-BFE9-00025991B020}</subfield>
  </datafield>
  <datafield tag="041" ind1="1" ind2=" ">
    <subfield code="a">fin</subfield>
    <subfield code="h">und</subfield>
  </datafield>
  <datafield tag="084" ind1=" " ind2=" ">
    <subfield code="a">85.32</subfield>
    <subfield code="2">ykl</subfield>
  </datafield>
  <datafield tag="245" ind1="0" ind2="0">
    <subfield code="a">Pilkun paikka /</subfield>
    <subfield code="c">[... suomennokset: Kirsi Fugazzotto ja Aku Ankan toimitus] ; [toimitus: Jenni Kovanen ... et al.].</subfield>
  </datafield>
  <datafield tag="246" ind1="3" ind2=" ">
    <subfield code="a">Ankkalinna jalkapallokuumeessa</subfield>
  </datafield>
  <datafield tag="260" ind1=" " ind2=" ">
    <subfield code="a">[Helsinki] :</subfield>
    <subfield code="b">Sanoma Magazines Finland,</subfield>
    <subfield code="c">2006</subfield>
    <subfield code="e">(Hyvinkää :</subfield>
    <subfield code="f">Alprint)</subfield>
  </datafield>
  <datafield tag="300" ind1=" " ind2=" ">
    <subfield code="a">128 s. :</subfield>
    <subfield code="b">kuv. ;</subfield>
    <subfield code="c">26 cm.</subfield>
  </datafield>
  <datafield tag="500" ind1=" " ind2=" ">
    <subfield code="a">Walt Disney -tuotantoa.</subfield>
  </datafield>
  <datafield tag="500" ind1=" " ind2=" ">
    <subfield code="a">Osa tarinoista julkaistu aiemmin Aku Ankka -lehde.</subfield>
  </datafield>
  <datafield tag="700" ind1="1" ind2=" ">
    <subfield code="a">Disney, Walt.</subfield>
  </datafield>
  <datafield tag="700" ind1="1" ind2=" ">
    <subfield code="a">Fugazzotto, Kirsi.</subfield>
  </datafield>
  <datafield tag="700" ind1="1" ind2=" ">
    <subfield code="a">Kovanen, Jenni.</subfield>
  </datafield>
</record>