
<record format="MARC21" type="Bibliographic">
  <leader>00000nja a2200097 a 4500</leader>
  <controlfield tag="001">A1049661</controlfield>
  <controlfield tag="003">KONVERSIO</controlfield>
  <controlfield tag="005">20180213134822.0</controlfield>
  <controlfield tag="007">sd||||g|||m||d</controlfield>
  <controlfield tag="008">051213s2005    fi ||||j|||||||||||||||| </controlfield>
  <datafield tag="035" ind1=" " ind2=" ">
    <subfield code="a">{B48C9717-A7D1-467C-A17B-00035712205D}</subfield>
  </datafield>
  <datafield tag="100" ind1="1" ind2=" ">
    <subfield code="a">Hannikainen, P. J.,</subfield>
    <subfield code="e">säv.</subfield>
  </datafield>
  <datafield tag="245" ind1="1" ind2="0">
    <subfield code="a">Suojelusenkeli /</subfield>
    <subfield code="c">Erkki Marjasvaaran yhtye.</subfield>
  </datafield>
  <datafield tag="773" ind1="0" ind2=" ">
    <subfield code="7">nnjm</subfield>
    <subfield code="w">A1041231</subfield>
    <subfield code="t">Kauniita unia vauvalle</subfield>
    <subfield code="h">[Äänite]. -</subfield>
    <subfield code="d">[S.l.] : VL-Musiikki, [2005]. -</subfield>
    <subfield code="m">1 CD-äänilevy. -</subfield>
    <subfield code="k">Musiikin aarteita. -</subfield>
    <subfield code="o">VLCD-1602</subfield>
  </datafield>
</record>