
<record format="MARC21" type="Bibliographic">
  <leader>00000njm a2200181 a 4500</leader>
  <controlfield tag="001">1187931</controlfield>
  <controlfield tag="003">KONVERSIO</controlfield>
  <controlfield tag="005">20180213134822.0</controlfield>
  <controlfield tag="007">sd||||g|||m||d</controlfield>
  <controlfield tag="008">070508s2007    xxk|||||||||||||||||eng| </controlfield>
  <datafield tag="028" ind1="0" ind2="1">
    <subfield code="b">0</subfield>
    <subfield code="a">VVR1046242</subfield>
  </datafield>
  <datafield tag="035" ind1=" " ind2=" ">
    <subfield code="a">{E0A23527-077C-47E2-BC58-000382CFA758}</subfield>
  </datafield>
  <datafield tag="041" ind1="0" ind2=" ">
    <subfield code="d">eng</subfield>
  </datafield>
  <datafield tag="084" ind1=" " ind2=" ">
    <subfield code="a">78.891</subfield>
    <subfield code="2">ykl</subfield>
  </datafield>
  <datafield tag="084" ind1=" " ind2=" ">
    <subfield code="a">78.8917</subfield>
    <subfield code="2">ykl</subfield>
  </datafield>
  <datafield tag="110" ind1="2" ind2=" ">
    <subfield code="a">Oi Va Voi.</subfield>
  </datafield>
  <datafield tag="245" ind1="1" ind2="0">
    <subfield code="a">Oi Va Voi.</subfield>
  </datafield>
  <datafield tag="260" ind1=" " ind2=" ">
    <subfield code="c">p2007.</subfield>
  </datafield>
  <datafield tag="300" ind1=" " ind2=" ">
    <subfield code="a">1 CD-äänilevy.</subfield>
  </datafield>
  <datafield tag="500" ind1=" " ind2=" ">
    <subfield code="a">Laulujen sanat tekstilipukkeessa.</subfield>
  </datafield>
</record>