
<record format="MARC21" type="Bibliographic">
  <leader>00000nja a2200085 a 4500</leader>
  <controlfield tag="001">A0970491</controlfield>
  <controlfield tag="003">KONVERSIO</controlfield>
  <controlfield tag="005">20180213134822.0</controlfield>
  <controlfield tag="007">sd||||g|||m||d</controlfield>
  <controlfield tag="008">050310s2005    fi rc||||||||||||||||||| </controlfield>
  <datafield tag="035" ind1=" " ind2=" ">
    <subfield code="a">{D6647960-1D9A-4500-90B9-0003C57F8581}</subfield>
  </datafield>
  <datafield tag="245" ind1="0" ind2="0">
    <subfield code="a">Second thoughts.</subfield>
  </datafield>
  <datafield tag="773" ind1="0" ind2=" ">
    <subfield code="7">nnjm</subfield>
    <subfield code="w">A0968764</subfield>
    <subfield code="a">22-Pistepirkko</subfield>
    <subfield code="t">&quot;Drops &amp; kicks&quot;</subfield>
    <subfield code="h">[Äänite]. -</subfield>
    <subfield code="d">[S.l.] : Bare Bone Business/Bone Voyage, p2005. -</subfield>
    <subfield code="m">1 CD-äänilevy. -</subfield>
    <subfield code="o">PGMCD26</subfield>
  </datafield>
</record>