
<record format="MARC21" type="Bibliographic">
  <leader>00000nca a2200085 a 4500</leader>
  <controlfield tag="001">7C2EDCD713E1412D99C20003C5DAA2A0</controlfield>
  <controlfield tag="003">KONVERSIO</controlfield>
  <controlfield tag="005">20180213134822.0</controlfield>
  <controlfield tag="007">qu</controlfield>
  <controlfield tag="008">060329s2006    fi ||z|j|||||||||||||||| </controlfield>
  <datafield tag="031" ind1=" " ind2=" ">
    <subfield code="t">Lasken matkaan leijan kauneimman</subfield>
  </datafield>
  <datafield tag="035" ind1=" " ind2=" ">
    <subfield code="a">{7C2EDCD7-13E1-412D-99C2-0003C5DAA2A0}</subfield>
  </datafield>
  <datafield tag="245" ind1="0" ind2="0">
    <subfield code="a">Tuulien teitä.</subfield>
  </datafield>
  <datafield tag="773" ind1="0" ind2=" ">
    <subfield code="7">nncm</subfield>
    <subfield code="w">9524611023</subfield>
    <subfield code="t">Lasten paras laulukirja</subfield>
    <subfield code="h">[Nuottijulkaisu]. -</subfield>
    <subfield code="d">Helsinki : F-Kustannus, 2006. -</subfield>
    <subfield code="m">1 sävelmäkokoelma. -</subfield>
    <subfield code="z">952-461-102-3. -</subfield>
    <subfield code="o">M-55008-131-4</subfield>
  </datafield>
</record>