
<record format="MARC21" type="Bibliographic">
  <leader>00000nja a2200085 a 4500</leader>
  <controlfield tag="001">A1444723</controlfield>
  <controlfield tag="003">KONVERSIO</controlfield>
  <controlfield tag="005">20180213134822.0</controlfield>
  <controlfield tag="007">sd||||g|||m||d</controlfield>
  <controlfield tag="008">091026s2009    gw rc||||||||||||||||||| </controlfield>
  <datafield tag="035" ind1=" " ind2=" ">
    <subfield code="a">{34D44D9B-71EF-420B-B074-000400F7753E}</subfield>
  </datafield>
  <datafield tag="245" ind1="0" ind2="0">
    <subfield code="a">Frühling in Paris.</subfield>
  </datafield>
  <datafield tag="773" ind1="0" ind2=" ">
    <subfield code="7">nnjm</subfield>
    <subfield code="w">A1432533</subfield>
    <subfield code="a">Rammstein</subfield>
    <subfield code="t">Liebe ist für alle da</subfield>
    <subfield code="h">[Äänite]. -</subfield>
    <subfield code="d">[S.l.] : Rammstein, p2009. -</subfield>
    <subfield code="m">1 CD-äänilevy. -</subfield>
    <subfield code="o">0602527195155</subfield>
  </datafield>
</record>