
<record format="MARC21" type="Bibliographic">
  <leader>00000nca a2200085 a 4500</leader>
  <controlfield tag="001">A1017593</controlfield>
  <controlfield tag="003">KONVERSIO</controlfield>
  <controlfield tag="005">20180213134822.0</controlfield>
  <controlfield tag="007">qu</controlfield>
  <controlfield tag="008">050823s2005    fi ||z|||||||||||||||||| </controlfield>
  <datafield tag="035" ind1=" " ind2=" ">
    <subfield code="a">{C40872EA-9D92-4A07-BDD7-00045C8841B3}</subfield>
  </datafield>
  <datafield tag="245" ind1="0" ind2="0">
    <subfield code="a">Emilian valssi nr 2.</subfield>
  </datafield>
  <datafield tag="773" ind1="0" ind2=" ">
    <subfield code="7">nncm</subfield>
    <subfield code="w">M900160287</subfield>
    <subfield code="a">Jauhiainen, Eija</subfield>
    <subfield code="t">Kiipparin kitarakirja : sooloja, duettoja, trioja</subfield>
    <subfield code="h">[Nuottijulkaisu]. -</subfield>
    <subfield code="d">Kuopio : Edi&apos;s Ide, c2005. -</subfield>
    <subfield code="m">1 soolonuotti. -</subfield>
    <subfield code="o">M-9001602-8-7</subfield>
  </datafield>
</record>