
<record format="MARC21" type="Bibliographic">
  <leader>00000nca a2200085 a 4500</leader>
  <controlfield tag="001">A1018525</controlfield>
  <controlfield tag="003">KONVERSIO</controlfield>
  <controlfield tag="005">20180213134822.0</controlfield>
  <controlfield tag="007">qu</controlfield>
  <controlfield tag="008">050824s2005    fi ||z|j|||||||||||||||| </controlfield>
  <datafield tag="031" ind1=" " ind2=" ">
    <subfield code="t">Kiljukoon nyt kaikkein kaula</subfield>
  </datafield>
  <datafield tag="035" ind1=" " ind2=" ">
    <subfield code="a">{F18BFF3D-2D25-4FD7-AF2C-00045E841952}</subfield>
  </datafield>
  <datafield tag="245" ind1="0" ind2="0">
    <subfield code="a">Seitsemän miehen voima.</subfield>
  </datafield>
  <datafield tag="773" ind1="0" ind2=" ">
    <subfield code="7">nncm</subfield>
    <subfield code="w">9510296562</subfield>
    <subfield code="t">Laulutunti : lauluja luokille 3-6</subfield>
    <subfield code="h">[Nuottijulkaisu]. -</subfield>
    <subfield code="d">Porvoo ; Helsinki : WSOY, 2005. -</subfield>
    <subfield code="m">1 laulukirja. -</subfield>
    <subfield code="z">951-0-29656-2</subfield>
  </datafield>
</record>