
<record format="MARC21" type="Bibliographic">
  <leader>00000nam a22001694a 4500</leader>
  <controlfield tag="001">9789052366708</controlfield>
  <controlfield tag="003">KONVERSIO</controlfield>
  <controlfield tag="005">20180213134822.0</controlfield>
  <controlfield tag="008">150605s2013    xx |||||||||| |||| |eng|c</controlfield>
  <datafield tag="020" ind1=" " ind2=" ">
    <subfield code="a">978-90-5236-670-8</subfield>
    <subfield code="q">nid. :</subfield>
    <subfield code="c">79,37 EUR</subfield>
  </datafield>
  <datafield tag="024" ind1="3" ind2=" ">
    <subfield code="a">9789052366708</subfield>
  </datafield>
  <datafield tag="035" ind1=" " ind2=" ">
    <subfield code="a">{826B55C9-86B6-42AC-AFC4-0004E74BCB90}</subfield>
  </datafield>
  <datafield tag="041" ind1="0" ind2=" ">
    <subfield code="a">eng</subfield>
  </datafield>
  <datafield tag="084" ind1=" " ind2=" ">
    <subfield code="a">69</subfield>
    <subfield code="2">ykl</subfield>
  </datafield>
  <datafield tag="245" ind1="0" ind2="0">
    <subfield code="a">EFQM Excellence Model (englanninkielinen).</subfield>
  </datafield>
  <datafield tag="260" ind1=" " ind2=" ">
    <subfield code="b">Laatukeskus,</subfield>
    <subfield code="c">2013.</subfield>
  </datafield>
  
</record>