
<record format="MARC21" type="Bibliographic">
  <leader>00000nja a22     4a 4500</leader>
  <controlfield tag="001">4CBC5AED86644157B0350004F18C3DF9</controlfield>
  <controlfield tag="003">KONVERSIO</controlfield>
  <controlfield tag="005">20180213134822.0</controlfield>
  <controlfield tag="007">sd||||g|||m||d</controlfield>
  <controlfield tag="008">041115 uuuu    xx |||||||||||||||||||||c</controlfield>
  <datafield tag="035" ind1=" " ind2=" ">
    <subfield code="a">{4CBC5AED-8664-4157-B035-0004F18C3DF9}</subfield>
  </datafield>
  <datafield tag="110" ind1="2" ind2=" ">
    <subfield code="a">Turun sotaveteraanilaulajat.</subfield>
  </datafield>
  <datafield tag="245" ind1="1" ind2="0">
    <subfield code="a">Vartiossa.</subfield>
  </datafield>
  <datafield tag="773" ind1="0" ind2=" ">
    <subfield code="7">nnjm</subfield>
    <subfield code="w">D1769CF7A31900A307490030050E2A61</subfield>
    <subfield code="a">Turun sotaveteraanilaulajat</subfield>
    <subfield code="t">Tellervo ja asemiesiltojen parhaat</subfield>
    <subfield code="h">[Äänite]. -</subfield>
    <subfield code="d">Turku : Turun Tähtituotanto, p2004. -</subfield>
    <subfield code="m">1 CD-äänilevy. -</subfield>
    <subfield code="o">FFCD1040</subfield>
  </datafield>
</record>