
<record format="MARC21" type="Bibliographic">
  <leader>00000nja a2200085 a 4500</leader>
  <controlfield tag="001">A0779750</controlfield>
  <controlfield tag="003">KONVERSIO</controlfield>
  <controlfield tag="005">20180213134822.0</controlfield>
  <controlfield tag="007">sd||||g|||m||d</controlfield>
  <controlfield tag="008">030304s2002    fi rc||||||||||||||||||| </controlfield>
  <datafield tag="035" ind1=" " ind2=" ">
    <subfield code="a">{B04015D7-E1D8-426B-9330-00050651B250}</subfield>
  </datafield>
  <datafield tag="245" ind1="0" ind2="0">
    <subfield code="a">Jeesus olet suurin.</subfield>
  </datafield>
  <datafield tag="773" ind1="0" ind2=" ">
    <subfield code="7">nnjm</subfield>
    <subfield code="w">A0761184</subfield>
    <subfield code="t">Jippii : majakaksi maailmaan</subfield>
    <subfield code="h">[Äänite]. -</subfield>
    <subfield code="d">Ylinen : Via-Music, p2002. -</subfield>
    <subfield code="m">1 CD-äänilevy. -</subfield>
    <subfield code="o">VMCD1881</subfield>
  </datafield>
</record>