
<record format="MARC21" type="Bibliographic">
  <leader>00000ncm a22     4a 4500</leader>
  <controlfield tag="001">CCFF2CAD9BB54D6E9D0000055D6BADE1</controlfield>
  <controlfield tag="003">KONVERSIO</controlfield>
  <controlfield tag="005">20180213134822.0</controlfield>
  <controlfield tag="007">qu</controlfield>
  <controlfield tag="008">081110s2007    fi ||z|j||||||||||||||||c</controlfield>
  <datafield tag="031" ind1=" " ind2=" ">
    <subfield code="t">Matteus, Markus, Luukas ja Johannes</subfield>
  </datafield>
  <datafield tag="035" ind1=" " ind2=" ">
    <subfield code="a">{CCFF2CAD-9BB5-4D6E-9D00-00055D6BADE1}</subfield>
  </datafield>
  <datafield tag="100" ind1="1" ind2=" ">
    <subfield code="a">Nyman, Ilona,</subfield>
    <subfield code="e">säv.,</subfield>
    <subfield code="e">san.</subfield>
  </datafield>
  <datafield tag="245" ind1="1" ind2="0">
    <subfield code="a">Neliö.</subfield>
  </datafield>
  <datafield tag="773" ind1="0" ind2=" ">
    <subfield code="7">nnmm</subfield>
    <subfield code="w">DBFE31666E5F4E70AD5F529EF55D9878</subfield>
    <subfield code="t">Dim. dam, dom</subfield>
    <subfield code="h">[Moniviestin]. -</subfield>
    <subfield code="d">Helsinki : Kirjapaja, 2007. -</subfield>
    <subfield code="m">1 nuotti + 2 CD-äänilevyä. -</subfield>
    <subfield code="z">749DDDkl</subfield>
  </datafield>
</record>