
<record format="MARC21" type="Bibliographic">
  <leader>00000nja a2200109 a 4500</leader>
  <controlfield tag="001">A1557922</controlfield>
  <controlfield tag="003">KONVERSIO</controlfield>
  <controlfield tag="005">20180213134822.0</controlfield>
  <controlfield tag="007">sd||||g|||m||d</controlfield>
  <controlfield tag="008">101213s2010    fi rc||||||||||||||||||| </controlfield>
  <datafield tag="035" ind1=" " ind2=" ">
    <subfield code="a">{2BE9C415-5613-4528-9EB5-0005C7A759FE}</subfield>
  </datafield>
  <datafield tag="100" ind1="1" ind2=" ">
    <subfield code="a">Leskinen, Juice,</subfield>
    <subfield code="e">esitt.</subfield>
  </datafield>
  <datafield tag="245" ind1="1" ind2="0">
    <subfield code="a">Viidestoista yö.</subfield>
  </datafield>
  <datafield tag="260" ind1=" " ind2=" ">
    <subfield code="c">p1980.</subfield>
  </datafield>
  <datafield tag="773" ind1="0" ind2=" ">
    <subfield code="7">nnjm</subfield>
    <subfield code="w">A1539811</subfield>
    <subfield code="t">Kaikkien aikojen suomirock klassikot</subfield>
    <subfield code="h">[Äänite]. -</subfield>
    <subfield code="d">[S.l.] : EMI Finland, p2010. -</subfield>
    <subfield code="m">3 CD-äänilevyä. -</subfield>
    <subfield code="o">5099991902023</subfield>
  </datafield>
</record>