
<record format="MARC21" type="Bibliographic">
  <leader>00000nja a22     4a 4500</leader>
  <controlfield tag="001">29B50E335EB74DC8B28C0005DCFE2DCC</controlfield>
  <controlfield tag="003">KONVERSIO</controlfield>
  <controlfield tag="005">20180213134822.0</controlfield>
  <controlfield tag="007">sd||||g|||m||d</controlfield>
  <controlfield tag="008">060213 uuuu    xx |||||||||||||||||fre|c</controlfield>
  <datafield tag="035" ind1=" " ind2=" ">
    <subfield code="a">{29B50E33-5EB7-4DC8-B28C-0005DCFE2DCC}</subfield>
  </datafield>
  <datafield tag="041" ind1="0" ind2=" ">
    <subfield code="d">fre</subfield>
  </datafield>
  <datafield tag="245" ind1="0" ind2="3">
    <subfield code="a">En automne a Paris.</subfield>
  </datafield>
  <datafield tag="773" ind1="0" ind2=" ">
    <subfield code="7">nnjm</subfield>
    <subfield code="w">8210CD489F534ABCB0EF425B1CACBA95</subfield>
    <subfield code="a">Carola</subfield>
    <subfield code="t">Parhaat : tulkitsijan taival</subfield>
    <subfield code="h">[Äänite]. -</subfield>
    <subfield code="d">S.l. : Warner Music Finland, p2005. -</subfield>
    <subfield code="m">2 CD-äänilevyä. -</subfield>
    <subfield code="o">5051011-0241-2-2. -</subfield>
    <subfield code="g">2</subfield>
  </datafield>
</record>