
<record format="MARC21" type="Bibliographic">
  <leader>00000nja a22     4a 4500</leader>
  <controlfield tag="001">66FC4E91D5D04041964200064B3C660C</controlfield>
  <controlfield tag="003">KONVERSIO</controlfield>
  <controlfield tag="005">20180213134822.0</controlfield>
  <controlfield tag="007">sd||||g|||m||d</controlfield>
  <controlfield tag="008">060929 uuuu    xx |||||||||||||||||||||c</controlfield>
  <datafield tag="035" ind1=" " ind2=" ">
    <subfield code="a">{66FC4E91-D5D0-4041-9642-00064B3C660C}</subfield>
  </datafield>
  <datafield tag="245" ind1="0" ind2="0">
    <subfield code="a">Billy.</subfield>
  </datafield>
  <datafield tag="773" ind1="0" ind2=" ">
    <subfield code="7">nnjm</subfield>
    <subfield code="w">B0B83A29A31900A307490030050E2A61</subfield>
    <subfield code="a">Dion, Céline</subfield>
    <subfield code="t">Les premières années</subfield>
    <subfield code="h">[Äänite]. -</subfield>
    <subfield code="d">S.l. : Sony Music Entertainment (France), p1993. -</subfield>
    <subfield code="m">1 CD-äänilevy. -</subfield>
    <subfield code="o">VER 4746532</subfield>
  </datafield>
</record>