
<record format="MARC21" type="Bibliographic">
  <leader>00000nja a2200133 a 4500</leader>
  <controlfield tag="001">A1048491</controlfield>
  <controlfield tag="003">KONVERSIO</controlfield>
  <controlfield tag="005">20180213134822.0</controlfield>
  <controlfield tag="007">sd||||g|||m||d</controlfield>
  <controlfield tag="008">051207s2004    fi ||||j|||||||||||||||| </controlfield>
  <datafield tag="035" ind1=" " ind2=" ">
    <subfield code="a">{591D9018-8DA1-4695-9133-00068482B590}</subfield>
  </datafield>
  <datafield tag="100" ind1="1" ind2=" ">
    <subfield code="a">Malmstén, Georg,</subfield>
    <subfield code="e">esitt.</subfield>
  </datafield>
  <datafield tag="245" ind1="1" ind2="0">
    <subfield code="a">Mikkihiiri ja susihukka.</subfield>
  </datafield>
  <datafield tag="260" ind1=" " ind2=" ">
    <subfield code="c">p1934.</subfield>
  </datafield>
  <datafield tag="700" ind1="1" ind2=" ">
    <subfield code="a">Pitkänen, Greta,</subfield>
    <subfield code="e">esitt.</subfield>
  </datafield>
  <datafield tag="710" ind1="2" ind2=" ">
    <subfield code="a">Dallapé-orkesteri,</subfield>
    <subfield code="e">esitt.</subfield>
  </datafield>
  <datafield tag="773" ind1="0" ind2=" ">
    <subfield code="7">nnjm</subfield>
    <subfield code="w">9515846536</subfield>
    <subfield code="t">Lasten ikivihreät</subfield>
    <subfield code="h">[Äänite]. -</subfield>
    <subfield code="d">[S.l.] : Valitut Palat, 2004. -</subfield>
    <subfield code="m">2 CD-äänilevyä. -</subfield>
    <subfield code="z">951-584-653-6. -</subfield>
    <subfield code="o">V04011VV3</subfield>
  </datafield>
</record>