
<record format="MARC21" type="Bibliographic">
  <leader>00000nfm a22001814a 4500</leader>
  <controlfield tag="001">9789522660916</controlfield>
  <controlfield tag="003">KONVERSIO</controlfield>
  <controlfield tag="005">20180213134822.0</controlfield>
  <controlfield tag="007">au| ||||</controlfield>
  <controlfield tag="008">130227s2013    xx |||||||a|| ||||||fin|c</controlfield>
  <datafield tag="020" ind1=" " ind2=" ">
    <subfield code="a">978-952-266-091-6</subfield>
    <subfield code="q">nid. :</subfield>
    <subfield code="c">29,90 EUR</subfield>
  </datafield>
  <datafield tag="024" ind1="3" ind2=" ">
    <subfield code="a">9789522660916</subfield>
  </datafield>
  <datafield tag="035" ind1=" " ind2=" ">
    <subfield code="a">{71438293-9DDF-43B3-BF22-0006A210C4CD}</subfield>
  </datafield>
  <datafield tag="041" ind1="0" ind2=" ">
    <subfield code="a">fin</subfield>
  </datafield>
  <datafield tag="084" ind1=" " ind2=" ">
    <subfield code="a">40</subfield>
    <subfield code="2">ykl</subfield>
  </datafield>
  <datafield tag="245" ind1="0" ind2="0">
    <subfield code="a">Eurooppa tiekartasto, 1:800 000.</subfield>
  </datafield>
  <datafield tag="260" ind1=" " ind2=" ">
    <subfield code="b">Karttakeskus,</subfield>
    <subfield code="c">2013.</subfield>
  </datafield>
  <datafield tag="490" ind1="1" ind2=" ">
    <subfield code="a">Hallwag</subfield>
  </datafield>
  <datafield tag="830" ind1=" " ind2="0">
    <subfield code="a">Hallwag.</subfield>
  </datafield>
</record>