
<record format="MARC21" type="Bibliographic">
  <leader>00000nca a22     4a 4500</leader>
  <controlfield tag="001">BE6579D9226045479B56000784210502</controlfield>
  <controlfield tag="003">KONVERSIO</controlfield>
  <controlfield tag="005">20180213134822.0</controlfield>
  <controlfield tag="007">qu</controlfield>
  <controlfield tag="008">141008s1959    fi ||z||||||||||||||fin|c</controlfield>
  <datafield tag="035" ind1=" " ind2=" ">
    <subfield code="a">{BE6579D9-2260-4547-9B56-000784210502}</subfield>
  </datafield>
  <datafield tag="041" ind1="0" ind2=" ">
    <subfield code="a">fin</subfield>
    <subfield code="a">swe</subfield>
  </datafield>
  <datafield tag="245" ind1="0" ind2="0">
    <subfield code="a">Metsän romanssi =</subfield>
    <subfield code="b">Romans från skogen.</subfield>
  </datafield>
  <datafield tag="773" ind1="0" ind2=" ">
    <subfield code="7">nncm</subfield>
    <subfield code="w">D8733BEAA31900A307490030050E2A61</subfield>
    <subfield code="a">Pacius, Fredrik</subfield>
    <subfield code="t">Yksinlauluja</subfield>
    <subfield code="h">[Nuottijulkaisu]. -</subfield>
    <subfield code="d">Helsinki : Edition Fazer, 1959 (Helsinki : Offset, 1959). -</subfield>
    <subfield code="m">1 sävelmäkokoelma. -</subfield>
    <subfield code="o">F.M. 3802</subfield>
  </datafield>
</record>