
<record format="MARC21" type="Bibliographic">
  <leader>00000nja a2200097 a 4500</leader>
  <controlfield tag="001">A1960095</controlfield>
  <controlfield tag="003">KONVERSIO</controlfield>
  <controlfield tag="005">20180213134822.0</controlfield>
  <controlfield tag="007">sd||||g|||m||d</controlfield>
  <controlfield tag="008">130524s2012    fi fm|||||||||||||||smi| </controlfield>
  <datafield tag="035" ind1=" " ind2=" ">
    <subfield code="a">{AB798B39-446D-4065-8C2F-00082527EA7D}</subfield>
  </datafield>
  <datafield tag="041" ind1="0" ind2=" ">
    <subfield code="d">smi</subfield>
  </datafield>
  <datafield tag="245" ind1="0" ind2="0">
    <subfield code="a">Máttaruigu.</subfield>
  </datafield>
  <datafield tag="773" ind1="0" ind2=" ">
    <subfield code="7">nnjm</subfield>
    <subfield code="w">A1924260</subfield>
    <subfield code="a">Pirttijärvi, Ulla</subfield>
    <subfield code="t">Ulda</subfield>
    <subfield code="h">[Äänite]. -</subfield>
    <subfield code="d">[S.l.] : Tuupa Records, p2012. -</subfield>
    <subfield code="m">1 CD-äänilevy. -</subfield>
    <subfield code="o">TREC-024</subfield>
  </datafield>
</record>