
<record format="MARC21" type="Bibliographic">
  <leader>00000njm a22001333a 4500</leader>
  <controlfield tag="001">1250259</controlfield>
  <controlfield tag="003">KONVERSIO</controlfield>
  <controlfield tag="005">20180213134822.0</controlfield>
  <controlfield tag="007">sd||||g|||m||d</controlfield>
  <controlfield tag="008">071219 uuuu    fi |||||||||||||||||||||c</controlfield>
  <datafield tag="028" ind1="0" ind2="1">
    <subfield code="b">0</subfield>
    <subfield code="a">2564697852</subfield>
  </datafield>
  <datafield tag="035" ind1=" " ind2=" ">
    <subfield code="a">{32A9B4C8-9537-4820-9E30-0008308E10B7}</subfield>
  </datafield>
  <datafield tag="084" ind1=" " ind2=" ">
    <subfield code="a">78</subfield>
    <subfield code="2">ykl</subfield>
  </datafield>
  <datafield tag="100" ind1="1" ind2=" ">
    <subfield code="a">Liszt, Franz.</subfield>
  </datafield>
  <datafield tag="245" ind1="1" ind2="0">
    <subfield code="a">Tre sonetti del Petrarca.</subfield>
  </datafield>
  <datafield tag="260" ind1=" " ind2=" ">
    <subfield code="c">2007.</subfield>
  </datafield>
</record>