
<record format="MARC21" type="Bibliographic">
  <leader>00000nja a2200097 a 4500</leader>
  <controlfield tag="001">A4000296</controlfield>
  <controlfield tag="003">KONVERSIO</controlfield>
  <controlfield tag="005">20180213134822.0</controlfield>
  <controlfield tag="007">sd||||g|||m||d</controlfield>
  <controlfield tag="008">130920s2013    sw rc|||||||||||||||eng| </controlfield>
  <datafield tag="035" ind1=" " ind2=" ">
    <subfield code="a">{C7972327-B6BC-41CF-A4D6-000872637D61}</subfield>
  </datafield>
  <datafield tag="041" ind1="0" ind2=" ">
    <subfield code="d">eng</subfield>
  </datafield>
  <datafield tag="245" ind1="0" ind2="0">
    <subfield code="a">Heart upon my sleeve.</subfield>
  </datafield>
  <datafield tag="773" ind1="0" ind2=" ">
    <subfield code="7">nnjm</subfield>
    <subfield code="w">A1985795</subfield>
    <subfield code="a">Avicii</subfield>
    <subfield code="t">True</subfield>
    <subfield code="h">[Äänite]. -</subfield>
    <subfield code="d">[Stockholm] : Avicii Music, p2013. -</subfield>
    <subfield code="m">1 CD-äänilevy. -</subfield>
    <subfield code="o">00602537484607</subfield>
  </datafield>
</record>