
<record format="MARC21" type="Bibliographic">
  <leader>00000nja a22     4a 4500</leader>
  <controlfield tag="001">54D8D32450F74D788CEA00089D4C0DA5</controlfield>
  <controlfield tag="003">KONVERSIO</controlfield>
  <controlfield tag="005">20180213134822.0</controlfield>
  <controlfield tag="007">sd||||g|||m||d</controlfield>
  <controlfield tag="008">141113s2014    fi pp|||||||||||||||||||c</controlfield>
  <datafield tag="035" ind1=" " ind2=" ">
    <subfield code="a">{54D8D324-50F7-4D78-8CEA-00089D4C0DA5}</subfield>
  </datafield>
  <datafield tag="245" ind1="0" ind2="0">
    <subfield code="a">Karjalan polkka.</subfield>
  </datafield>
  <datafield tag="773" ind1="0" ind2=" ">
    <subfield code="7">nnjm</subfield>
    <subfield code="w">C1A6356799784E07B98516534FB5AE72</subfield>
    <subfield code="a">Ahvenainen, Veikko</subfield>
    <subfield code="t">Säkkijärven polkka : 24 suosittua polkkaa</subfield>
    <subfield code="h">[Äänite]. -</subfield>
    <subfield code="d">[S.l.] : Veikko Ahvenainen, p2014. -</subfield>
    <subfield code="m">1 CD-äänilevy. -</subfield>
    <subfield code="o">ACD247</subfield>
  </datafield>
</record>