
<record format="MARC21" type="Bibliographic">
  <leader>00000nca a2200097 a 4500</leader>
  <controlfield tag="001">A1092856</controlfield>
  <controlfield tag="003">KONVERSIO</controlfield>
  <controlfield tag="005">20180213134822.0</controlfield>
  <controlfield tag="007">qu</controlfield>
  <controlfield tag="008">060510s2004    gw ppz|||||||||||||||||| </controlfield>
  <datafield tag="035" ind1=" " ind2=" ">
    <subfield code="a">{BD122BAE-3655-41B6-A8D3-0008D7930F6F}</subfield>
  </datafield>
  <datafield tag="130" ind1="0" ind2=" ">
    <subfield code="a">Garota De Ipanema</subfield>
  </datafield>
  <datafield tag="245" ind1="1" ind2="4">
    <subfield code="a">The girl from Ipanema.</subfield>
  </datafield>
  <datafield tag="773" ind1="0" ind2=" ">
    <subfield code="7">nncm</subfield>
    <subfield code="w">3795756472</subfield>
    <subfield code="t">Bar piano : faszinierende Melodien in Barmusikstil</subfield>
    <subfield code="h">[Nuottijulkaisu]. -</subfield>
    <subfield code="d">Mainz : Schott, c2004. -</subfield>
    <subfield code="m">1 sävelmäkokoelma. -</subfield>
    <subfield code="k">Klavierspielen - mein schönstes Hobby. -</subfield>
    <subfield code="z">3-7957-5647-2. -</subfield>
    <subfield code="o">M-001-13593-1. -</subfield>
    <subfield code="o">ED9679</subfield>
  </datafield>
</record>