
<record format="MARC21" type="Bibliographic">
  <leader>00000nja a2200121 a 4500</leader>
  <controlfield tag="001">A1692673</controlfield>
  <controlfield tag="003">KONVERSIO</controlfield>
  <controlfield tag="005">20180213134822.0</controlfield>
  <controlfield tag="007">sd||||g|||m||d</controlfield>
  <controlfield tag="008">111210s2011    xxkrc|||||||||||||||eng| </controlfield>
  <datafield tag="035" ind1=" " ind2=" ">
    <subfield code="a">{E8ACBC84-DB00-48BE-8AFB-0008E8769424}</subfield>
  </datafield>
  <datafield tag="041" ind1="0" ind2=" ">
    <subfield code="d">eng</subfield>
  </datafield>
  <datafield tag="110" ind1="2" ind2=" ">
    <subfield code="a">Harry J. All Stars,</subfield>
    <subfield code="e">esitt.</subfield>
  </datafield>
  <datafield tag="245" ind1="1" ind2="0">
    <subfield code="a">Liquidator.</subfield>
  </datafield>
  <datafield tag="260" ind1=" " ind2=" ">
    <subfield code="c">p1969.</subfield>
  </datafield>
  <datafield tag="773" ind1="0" ind2=" ">
    <subfield code="7">nnjm</subfield>
    <subfield code="w">A1664455</subfield>
    <subfield code="t">The story of Trojan Records : est. 1968</subfield>
    <subfield code="h">[Äänite]. -</subfield>
    <subfield code="d">[S.l.] : Sanctuary Records Group, p2011. -</subfield>
    <subfield code="m">5 CD-äänilevyä kotelossa. -</subfield>
    <subfield code="o">2775354</subfield>
  </datafield>
</record>