
<record format="MARC21" type="Bibliographic">
  <leader>00000nja a22     4a 4500</leader>
  <controlfield tag="001">3A4FC44543744606B58E0008EE51A871</controlfield>
  <controlfield tag="003">KONVERSIO</controlfield>
  <controlfield tag="005">20180213134822.0</controlfield>
  <controlfield tag="007">sd||||g|||m||d</controlfield>
  <controlfield tag="008">100201s2009    xxkrc|||||||||||||||||||c</controlfield>
  <datafield tag="035" ind1=" " ind2=" ">
    <subfield code="a">{3A4FC445-4374-4606-B58E-0008EE51A871}</subfield>
  </datafield>
  <datafield tag="245" ind1="0" ind2="0">
    <subfield code="a">Chasing ghosts.</subfield>
  </datafield>
  <datafield tag="773" ind1="0" ind2=" ">
    <subfield code="7">nnjm</subfield>
    <subfield code="w">ED88DA32B780431AA19934046D1570A2</subfield>
    <subfield code="a">Dixon, Alesha</subfield>
    <subfield code="t">The Alesha show - encore</subfield>
    <subfield code="h">[Äänite]. -</subfield>
    <subfield code="d">[s.l.] : Warner Music UK, p2009. -</subfield>
    <subfield code="m">1 CD-äänilevy. -</subfield>
    <subfield code="o">5051865666523</subfield>
  </datafield>
</record>