
<record format="MARC21" type="Bibliographic">
  <leader>00000nja a2200121 a 4500</leader>
  <controlfield tag="001">A0679069</controlfield>
  <controlfield tag="003">KONVERSIO</controlfield>
  <controlfield tag="005">20180213134822.0</controlfield>
  <controlfield tag="007">sd||||g|||m||d</controlfield>
  <controlfield tag="008">020204s1998    fi gm||||||||||||||||||| </controlfield>
  <datafield tag="035" ind1=" " ind2=" ">
    <subfield code="a">{E76E9F0F-BCCD-4A79-BE92-000921F24630}</subfield>
  </datafield>
  <datafield tag="084" ind1=" " ind2=" ">
    <subfield code="a">78.322</subfield>
    <subfield code="2">ykl</subfield>
  </datafield>
  <datafield tag="245" ind1="0" ind2="0">
    <subfield code="a">Kasteen kirkas vesi.</subfield>
  </datafield>
  <datafield tag="700" ind1="1" ind2=" ">
    <subfield code="a">Teräs, Ville,</subfield>
    <subfield code="e">esitt.</subfield>
  </datafield>
  <datafield tag="700" ind1="1" ind2=" ">
    <subfield code="a">Eerola, Kaija,</subfield>
    <subfield code="e">piano.</subfield>
  </datafield>
  <datafield tag="773" ind1="0" ind2=" ">
    <subfield code="7">nnjm</subfield>
    <subfield code="w">A0471967</subfield>
    <subfield code="t">Lasten virsi</subfield>
    <subfield code="h">[Äänite]. -</subfield>
    <subfield code="d">Helsinki : Lasten Keskus, p1998. -</subfield>
    <subfield code="m">4 CD-äänilevyä. -</subfield>
    <subfield code="o">LKCD-7</subfield>
  </datafield>
</record>