
<record format="MARC21" type="Bibliographic">
  <leader>00000nom a2200193 a 4500</leader>
  <controlfield tag="001">4D247A0C8F4043DB87EC000AB2E44892</controlfield>
  <controlfield tag="003">KONVERSIO</controlfield>
  <controlfield tag="005">20180213134822.0</controlfield>
  <controlfield tag="007">ou</controlfield>
  <controlfield tag="008">130122s1994    fi |||||||||||||||b|fin| </controlfield>
  <datafield tag="020" ind1=" " ind2=" ">
    <subfield code="a">749TTL</subfield>
  </datafield>
  <datafield tag="035" ind1=" " ind2=" ">
    <subfield code="a">{4D247A0C-8F40-43DB-87EC-000AB2E44892}</subfield>
  </datafield>
  <datafield tag="041" ind1="0" ind2=" ">
    <subfield code="a">fin</subfield>
  </datafield>
  <datafield tag="084" ind1=" " ind2=" ">
    <subfield code="a">78.3112</subfield>
    <subfield code="2">ykl</subfield>
  </datafield>
  <datafield tag="100" ind1="1" ind2=" ">
    <subfield code="a">Ihalainen, Aira,</subfield>
    <subfield code="e">säv.</subfield>
  </datafield>
  <datafield tag="245" ind1="1" ind2="0">
    <subfield code="a">Taskut täynnä lauluja.</subfield>
    <subfield code="n">[1]</subfield>
    <subfield code="h">[Moniviestin] /</subfield>
    <subfield code="c">tekstit, sävellykset: Aira Ihalainen.</subfield>
  </datafield>
  <datafield tag="260" ind1=" " ind2=" ">
    <subfield code="a">[Mikkeli] :</subfield>
    <subfield code="b">[Aira Ihalainen],</subfield>
    <subfield code="c">[1994]</subfield>
  </datafield>
  <datafield tag="300" ind1=" " ind2=" ">
    <subfield code="a">1 sävelmäkokoelma (98 s. : kuv. ; 25 cm), 1 CD-äänilevy (66 min 54 sek) pak.</subfield>
  </datafield>
  <datafield tag="500" ind1=" " ind2=" ">
    <subfield code="a">Nuottivihkossa sanat, melodia, sointumerkit, leikkiohjeita, satuja.</subfield>
  </datafield>
  <datafield tag="511" ind1="0" ind2=" ">
    <subfield code="a">Laulutrio Ihanaiset: Aira Ihalainen (voc, kantele, perc, g, guiro), Laura I.</subfield>
  </datafield>
  <datafield tag="583" ind1=" " ind2=" ">
    <subfield code="a">1ki+1cd.</subfield>
  </datafield>
  <datafield tag="650" ind1=" " ind2="7">
    <subfield code="a">lastenlaulut</subfield>
    <subfield code="z">Suomi</subfield>
    <subfield code="y">1990-luku</subfield>
    <subfield code="2">musa</subfield>
  </datafield>
  <datafield tag="650" ind1=" " ind2="7">
    <subfield code="a">laululeikit</subfield>
    <subfield code="z">Suomi</subfield>
    <subfield code="2">musa</subfield>
  </datafield>
  <datafield tag="710" ind1="2" ind2=" ">
    <subfield code="a">Laulutrio Ihanaiset,</subfield>
    <subfield code="e">esitt.</subfield>
  </datafield>
</record>