
<record format="MARC21" type="Bibliographic">
  <leader>00000nca a2200109 a 4500</leader>
  <controlfield tag="001">A1999044</controlfield>
  <controlfield tag="003">KONVERSIO</controlfield>
  <controlfield tag="005">20180213134822.0</controlfield>
  <controlfield tag="007">qu</controlfield>
  <controlfield tag="008">130918s2013    fi ||z|j||||||||||||fin| </controlfield>
  <datafield tag="035" ind1=" " ind2=" ">
    <subfield code="a">{7AC76021-CEB3-4CC1-8C5B-000ACFAA967C}</subfield>
  </datafield>
  <datafield tag="041" ind1="0" ind2=" ">
    <subfield code="a">fin</subfield>
  </datafield>
  <datafield tag="130" ind1="0" ind2=" ">
    <subfield code="a">Who&apos;s afraid of the big bad wolf</subfield>
  </datafield>
  <datafield tag="245" ind1="1" ind2="0">
    <subfield code="a">Kolme pientä porsasta.</subfield>
  </datafield>
  <datafield tag="773" ind1="0" ind2=" ">
    <subfield code="7">nncm</subfield>
    <subfield code="w">9789524612715</subfield>
    <subfield code="t">Lasten oma toivelaulukirja</subfield>
    <subfield code="h">[Nuottijulkaisu]. -</subfield>
    <subfield code="b">5. p.. -</subfield>
    <subfield code="d">Helsinki : F-Kustannus, 2013. -</subfield>
    <subfield code="m">1 sävelmäkokoelma. -</subfield>
    <subfield code="z">978-952-461-271-5. -</subfield>
    <subfield code="o">979-0-55008-297-7</subfield>
  </datafield>
</record>