
<record format="MARC21" type="Bibliographic">
  <leader>00000nam a22001934a 4500</leader>
  <controlfield tag="001">9781473617209</controlfield>
  <controlfield tag="003">KONVERSIO</controlfield>
  <controlfield tag="005">20180213134822.0</controlfield>
  <controlfield tag="008">160602s2016    xx |||||||||| |||| |eng|c</controlfield>
  <datafield tag="020" ind1=" " ind2=" ">
    <subfield code="a">978-1-4736-1720-9</subfield>
    <subfield code="q">sid. :</subfield>
    <subfield code="c">22,64 EUR</subfield>
  </datafield>
  <datafield tag="024" ind1="3" ind2=" ">
    <subfield code="a">9781473617209</subfield>
  </datafield>
  <datafield tag="035" ind1=" " ind2=" ">
    <subfield code="a">{DAFDAD8E-A1D8-4A2F-B528-000ADF298BCF}</subfield>
  </datafield>
  <datafield tag="041" ind1="0" ind2=" ">
    <subfield code="a">eng</subfield>
  </datafield>
  <datafield tag="100" ind1="1" ind2=" ">
    <subfield code="a">Backman, Fredrik.</subfield>
  </datafield>
  <datafield tag="245" ind1="1" ind2="0">
    <subfield code="a">Britt Marie Was Here.</subfield>
  </datafield>
  <datafield tag="260" ind1=" " ind2=" ">
    <subfield code="b">SCEPTRE,</subfield>
    <subfield code="c">2016.</subfield>
  </datafield>
  <datafield tag="300" ind1=" " ind2=" ">
    <subfield code="a">304 s. ;</subfield>
    <subfield code="c">korkeus 216 mm, leveys 135 mm, paksuus 30 mm.</subfield>
  </datafield>
  <datafield tag="500" ind1=" " ind2=" ">
    <subfield code="a">EI VIELÄ ILMESTYNYT, arvioitu ilmestymisaika 07.07.2016.</subfield>
  </datafield>
  
</record>