
<record format="MARC21" type="Bibliographic">
  <leader>00000nja a2200097 a 4500</leader>
  <controlfield tag="001">A1993326</controlfield>
  <controlfield tag="003">KONVERSIO</controlfield>
  <controlfield tag="005">20180213134822.0</controlfield>
  <controlfield tag="007">sd||||g|||m||d</controlfield>
  <controlfield tag="008">130829s2013    fi rc|||||||||||||||eng| </controlfield>
  <datafield tag="035" ind1=" " ind2=" ">
    <subfield code="a">{1824DDF0-7010-45C4-B496-000AE725ADE1}</subfield>
  </datafield>
  <datafield tag="041" ind1="0" ind2=" ">
    <subfield code="d">eng</subfield>
  </datafield>
  <datafield tag="245" ind1="0" ind2="0">
    <subfield code="a">Miracle.</subfield>
  </datafield>
  <datafield tag="773" ind1="0" ind2=" ">
    <subfield code="7">nnjm</subfield>
    <subfield code="w">A1985839</subfield>
    <subfield code="a">Lovex</subfield>
    <subfield code="t">State of mind</subfield>
    <subfield code="h">[Äänite]. -</subfield>
    <subfield code="d">[Espoo] : Jiffel Records, p2013. -</subfield>
    <subfield code="m">1 CD-äänilevy. -</subfield>
    <subfield code="o">JIFCD026</subfield>
  </datafield>
</record>