
<record format="MARC21" type="Bibliographic">
  <leader>00000nja a22     4a 4500</leader>
  <controlfield tag="001">72AC6D6243804A058A20000B9F017104</controlfield>
  <controlfield tag="003">KONVERSIO</controlfield>
  <controlfield tag="005">20180213134822.0</controlfield>
  <controlfield tag="007">sd||||g|||m||d</controlfield>
  <controlfield tag="008">070801 uuuu    xx |||||||||||||||||||||c</controlfield>
  <datafield tag="031" ind1=" " ind2=" ">
    <subfield code="t">Rakas päiväkirja mä tänne hajoon</subfield>
  </datafield>
  <datafield tag="035" ind1=" " ind2=" ">
    <subfield code="a">{72AC6D62-4380-4A05-8A20-000B9F017104}</subfield>
  </datafield>
  <datafield tag="245" ind1="0" ind2="0">
    <subfield code="a">Texas.</subfield>
  </datafield>
  <datafield tag="773" ind1="0" ind2=" ">
    <subfield code="7">nnjm</subfield>
    <subfield code="w">EB0BC9BDF01748588C1CE590D02E7C77</subfield>
    <subfield code="a">Jalankulkuämpäri</subfield>
    <subfield code="t">Koska olen hyvä rouva</subfield>
    <subfield code="h">[Äänite]. -</subfield>
    <subfield code="d">[s.l.] : Johanna Kustannus, p2007. -</subfield>
    <subfield code="m">1 CD-äänilevy. -</subfield>
    <subfield code="o">MGMCD2227</subfield>
  </datafield>
</record>