
<record format="MARC21" type="Bibliographic">
  <leader>00000nca a2200109 a 4500</leader>
  <controlfield tag="001">A1092986</controlfield>
  <controlfield tag="003">KONVERSIO</controlfield>
  <controlfield tag="005">20180213134822.0</controlfield>
  <controlfield tag="007">qu</controlfield>
  <controlfield tag="008">060510s2005    gw ||z|||||||||||||||||| </controlfield>
  <datafield tag="035" ind1=" " ind2=" ">
    <subfield code="a">{1AC73FBE-13D1-46A4-8AFC-000C29B9E69F}</subfield>
  </datafield>
  <datafield tag="084" ind1=" " ind2=" ">
    <subfield code="a">78.612</subfield>
    <subfield code="2">ykl</subfield>
  </datafield>
  <datafield tag="100" ind1="1" ind2=" ">
    <subfield code="a">Berens, Hermann,</subfield>
    <subfield code="e">säv.</subfield>
  </datafield>
  <datafield tag="245" ind1="1" ind2="0">
    <subfield code="a">Melodisches Übungsstück :</subfield>
    <subfield code="b">op. 62, Nr. 25.</subfield>
  </datafield>
  <datafield tag="773" ind1="0" ind2=" ">
    <subfield code="7">nncm</subfield>
    <subfield code="w">3795757266</subfield>
    <subfield code="t">KlaVierhändig : zu zweit am Klavier von Barock bis Pop</subfield>
    <subfield code="h">[Nuottijulkaisu]. -</subfield>
    <subfield code="d">Mainz : Schott, c2005. -</subfield>
    <subfield code="m">1 soolonuotti. -</subfield>
    <subfield code="k">Klavierspielen - mein schönstes Hobby. -</subfield>
    <subfield code="z">3-7957-5726-6. -</subfield>
    <subfield code="o">M-001-13740-9. -</subfield>
    <subfield code="o">ED9782</subfield>
  </datafield>
</record>