
<record format="MARC21" type="Bibliographic">
  <leader>00000nam a22001934a 4500</leader>
  <controlfield tag="001">9781861976628</controlfield>
  <controlfield tag="003">KONVERSIO</controlfield>
  <controlfield tag="005">20180213134822.0</controlfield>
  <controlfield tag="008">150903s2015    xx |||||||||| |||| |eng|c</controlfield>
  <datafield tag="020" ind1=" " ind2=" ">
    <subfield code="a">978-1-86197-662-8</subfield>
    <subfield code="q">sid. :</subfield>
    <subfield code="c">31,98 EUR</subfield>
  </datafield>
  <datafield tag="024" ind1="3" ind2=" ">
    <subfield code="a">9781861976628</subfield>
  </datafield>
  <datafield tag="035" ind1=" " ind2=" ">
    <subfield code="a">{38A258C9-F064-4DA0-B174-000CB2409C19}</subfield>
  </datafield>
  <datafield tag="041" ind1="0" ind2=" ">
    <subfield code="a">eng</subfield>
  </datafield>
  <datafield tag="100" ind1="1" ind2=" ">
    <subfield code="a">Mabey, Richard.</subfield>
  </datafield>
  <datafield tag="245" ind1="1" ind2="4">
    <subfield code="a">The Cabaret of Plants :</subfield>
    <subfield code="b">Botany and the Imagination.</subfield>
  </datafield>
  <datafield tag="260" ind1=" " ind2=" ">
    <subfield code="b">PROFILE BOOKS,</subfield>
    <subfield code="c">2015.</subfield>
  </datafield>
  <datafield tag="300" ind1=" " ind2=" ">
    <subfield code="a">386 s. ;</subfield>
    <subfield code="c">korkeus 234 mm, leveys 153 mm, paksuus 38 mm.</subfield>
  </datafield>
  <datafield tag="500" ind1=" " ind2=" ">
    <subfield code="a">EI VIELÄ ILMESTYNYT, arvioitu ilmestymisaika 22.10.2015.</subfield>
  </datafield>
  
</record>