
<record format="MARC21" type="Bibliographic">
  <leader>00000nja a2200121 a 4500</leader>
  <controlfield tag="001">A1481004</controlfield>
  <controlfield tag="003">KONVERSIO</controlfield>
  <controlfield tag="005">20180213134822.0</controlfield>
  <controlfield tag="007">sd||||g|||m||d</controlfield>
  <controlfield tag="008">100303s2007    xxkmp||||||||||||||||||| </controlfield>
  <datafield tag="035" ind1=" " ind2=" ">
    <subfield code="a">{AC960AF9-2CEC-4C90-A753-000CBE3E022E}</subfield>
  </datafield>
  <datafield tag="100" ind1="1" ind2=" ">
    <subfield code="a">Myers, Stanley,</subfield>
    <subfield code="e">säv.</subfield>
  </datafield>
  <datafield tag="245" ind1="1" ind2="4">
    <subfield code="a">The deer hunter :</subfield>
    <subfield code="b">Cavatina.</subfield>
  </datafield>
  <datafield tag="700" ind1="1" ind2=" ">
    <subfield code="a">Raine, Nic,</subfield>
    <subfield code="e">joht.</subfield>
  </datafield>
  <datafield tag="710" ind1="2" ind2=" ">
    <subfield code="a">City of Prague Philharmonic,</subfield>
    <subfield code="e">esitt.</subfield>
  </datafield>
  <datafield tag="773" ind1="0" ind2=" ">
    <subfield code="7">nnjm</subfield>
    <subfield code="w">A1455067</subfield>
    <subfield code="t">100 greatest film themes</subfield>
    <subfield code="h">[Äänite]. -</subfield>
    <subfield code="d">[S.l.] : Silva Screen Records, p2007. -</subfield>
    <subfield code="m">6 CD-äänilevyä. -</subfield>
    <subfield code="o">SILCD1235</subfield>
  </datafield>
</record>