
<record format="MARC21" type="Bibliographic">
  <leader>00000nja a2200085 a 4500</leader>
  <controlfield tag="001">A1583550</controlfield>
  <controlfield tag="003">KONVERSIO</controlfield>
  <controlfield tag="005">20180213134822.0</controlfield>
  <controlfield tag="007">sd||||g|||m||d</controlfield>
  <controlfield tag="008">110306s2010    xxkrc||||||||||||||||||| </controlfield>
  <datafield tag="035" ind1=" " ind2=" ">
    <subfield code="a">{BCC99EC7-D517-43D6-8456-000D298D10BA}</subfield>
  </datafield>
  <datafield tag="245" ind1="0" ind2="0">
    <subfield code="a">Special care.</subfield>
  </datafield>
  <datafield tag="773" ind1="0" ind2=" ">
    <subfield code="7">nnjm</subfield>
    <subfield code="w">A1556873</subfield>
    <subfield code="a">Troy, Doris</subfield>
    <subfield code="t">Doris Troy</subfield>
    <subfield code="h">[Äänite]. -</subfield>
    <subfield code="d">[S.l.] : Apple Corps, p2010. -</subfield>
    <subfield code="m">1 CD-äänilevy. -</subfield>
    <subfield code="o">5099990824326</subfield>
  </datafield>
</record>