
<record format="MARC21" type="Bibliographic">
  <leader>00000nga a22     4a 4500</leader>
  <controlfield tag="001">29CCEB904E54443D8149000D4DD85D5B</controlfield>
  <controlfield tag="003">KONVERSIO</controlfield>
  <controlfield tag="005">20180213134822.0</controlfield>
  <controlfield tag="007">vd|||||||</controlfield>
  <controlfield tag="008">121030 uuuu    xx ||||| |||||||||z|||||c</controlfield>
  <datafield tag="035" ind1=" " ind2=" ">
    <subfield code="a">{29CCEB90-4E54-443D-8149-000D4DD85D5B}</subfield>
  </datafield>
  <datafield tag="245" ind1="0" ind2="0">
    <subfield code="a">Kiinalaiset naamiot.</subfield>
  </datafield>
  <datafield tag="773" ind1="0" ind2=" ">
    <subfield code="7">nngm</subfield>
    <subfield code="w">FBD05D7D0F4F4080AC1440A1AD19A89A</subfield>
    <subfield code="t">Mimmikoto 2</subfield>
    <subfield code="h">[Videotallenne]. -</subfield>
    <subfield code="d">S.l. : Nordisk film, 2011. -</subfield>
    <subfield code="m">1 DVD-levy. -</subfield>
    <subfield code="o">2120331</subfield>
  </datafield>
</record>