
<record format="MARC21" type="Bibliographic">
  <leader>00000nja a22     4a 4500</leader>
  <controlfield tag="001">08B1A8255B8A4C70BA65000DC85E9953</controlfield>
  <controlfield tag="003">KONVERSIO</controlfield>
  <controlfield tag="005">20180213134822.0</controlfield>
  <controlfield tag="007">sd||||g|||m||d</controlfield>
  <controlfield tag="008">050526 uuuu    xx |||||||||||||||||||||c</controlfield>
  <datafield tag="031" ind1=" " ind2=" ">
    <subfield code="t">Sano ettet vielä lähde kun on aamu</subfield>
  </datafield>
  <datafield tag="035" ind1=" " ind2=" ">
    <subfield code="a">{08B1A825-5B8A-4C70-BA65-000DC85E9953}</subfield>
  </datafield>
  <datafield tag="245" ind1="0" ind2="0">
    <subfield code="a">Jos sanot.</subfield>
  </datafield>
  <datafield tag="773" ind1="0" ind2=" ">
    <subfield code="7">nnjm</subfield>
    <subfield code="w">721DD22B46494F8CA1F6E34D739CFA19</subfield>
    <subfield code="a">Rajaton</subfield>
    <subfield code="t">Kevät</subfield>
    <subfield code="h">[Äänite]. -</subfield>
    <subfield code="d">S.l. : Plastinka Records, p2005. -</subfield>
    <subfield code="m">1 CD-äänilevy. -</subfield>
    <subfield code="o">PLACD017</subfield>
  </datafield>
</record>