
<record format="MARC21" type="Bibliographic">
  <leader>00000nca a2200121 a 4500</leader>
  <controlfield tag="001">A1075827</controlfield>
  <controlfield tag="003">KONVERSIO</controlfield>
  <controlfield tag="005">20180213134822.0</controlfield>
  <controlfield tag="007">qu</controlfield>
  <controlfield tag="008">060308s2006    fi ppz||||||||||||||fin| </controlfield>
  <datafield tag="035" ind1=" " ind2=" ">
    <subfield code="a">{2615BA00-D43B-4C8D-9A6F-000DD28B0565}</subfield>
  </datafield>
  <datafield tag="041" ind1="0" ind2=" ">
    <subfield code="a">fin</subfield>
    <subfield code="a">eng</subfield>
  </datafield>
  <datafield tag="100" ind1="1" ind2=" ">
    <subfield code="a">Mancini, Henry,</subfield>
    <subfield code="e">säv.</subfield>
  </datafield>
  <datafield tag="240" ind1="1" ind2="0">
    <subfield code="a">Moon River</subfield>
  </datafield>
  <datafield tag="245" ind1="1" ind2="0">
    <subfield code="a">Kuunsillalla :</subfield>
    <subfield code="b">elokuvasta Aamiainen Tiffanylla.</subfield>
  </datafield>
  <datafield tag="773" ind1="0" ind2=" ">
    <subfield code="7">nncm</subfield>
    <subfield code="w">9524611015</subfield>
    <subfield code="t">Kultainen laulukirja : 400 suosikkilaulua</subfield>
    <subfield code="h">[Nuottijulkaisu]. -</subfield>
    <subfield code="b">[Uusi p.]. -</subfield>
    <subfield code="d">Helsinki : F-Kustannus, 2006. -</subfield>
    <subfield code="m">1 sävelmäkokoelma. -</subfield>
    <subfield code="z">952-461-101-5. -</subfield>
    <subfield code="o">M-55008-130-7</subfield>
  </datafield>
</record>