
<record format="MARC21" type="Bibliographic">
  <leader>00000nam a22001934a 4500</leader>
  <controlfield tag="001">9780091948337</controlfield>
  <controlfield tag="003">KONVERSIO</controlfield>
  <controlfield tag="005">20180213134822.0</controlfield>
  <controlfield tag="008">130515s2013    xx |||||||||| |||| |eng|c</controlfield>
  <datafield tag="020" ind1=" " ind2=" ">
    <subfield code="a">978-0-09-194833-7</subfield>
    <subfield code="q">sid. :</subfield>
    <subfield code="c">16,92 EUR</subfield>
  </datafield>
  <datafield tag="024" ind1="3" ind2=" ">
    <subfield code="a">9780091948337</subfield>
  </datafield>
  <datafield tag="035" ind1=" " ind2=" ">
    <subfield code="a">{1DBFA287-294A-4A26-9730-000E65E12C96}</subfield>
  </datafield>
  <datafield tag="041" ind1="0" ind2=" ">
    <subfield code="a">eng</subfield>
  </datafield>
  <datafield tag="100" ind1="1" ind2=" ">
    <subfield code="a">Casey, Jane.</subfield>
  </datafield>
  <datafield tag="245" ind1="1" ind2="4">
    <subfield code="a">The Stranger You Know.</subfield>
  </datafield>
  <datafield tag="260" ind1=" " ind2=" ">
    <subfield code="b">EBURY PRESS,</subfield>
    <subfield code="c">2013.</subfield>
  </datafield>
  <datafield tag="300" ind1=" " ind2=" ">
    <subfield code="a">448 s.</subfield>
  </datafield>
  <datafield tag="500" ind1=" " ind2=" ">
    <subfield code="a">EI VIELÄ ILMESTYNYT, arvioitu ilmestymisaika 04.07.2013.</subfield>
  </datafield>
</record>