
<record format="MARC21" type="Bibliographic">
  <leader>00000nca a2200097 a 4500</leader>
  <controlfield tag="001">A4156603</controlfield>
  <controlfield tag="003">KONVERSIO</controlfield>
  <controlfield tag="005">20180213134822.0</controlfield>
  <controlfield tag="007">qu</controlfield>
  <controlfield tag="008">141029s2014    fi ||z|j||||||||||||fin| </controlfield>
  <datafield tag="035" ind1=" " ind2=" ">
    <subfield code="a">{5C5CD891-F7E7-45C4-B564-000E9F9442A6}</subfield>
  </datafield>
  <datafield tag="041" ind1="0" ind2=" ">
    <subfield code="a">fin</subfield>
  </datafield>
  <datafield tag="245" ind1="0" ind2="0">
    <subfield code="a">Perunalaulu.</subfield>
  </datafield>
  <datafield tag="773" ind1="0" ind2=" ">
    <subfield code="7">nncm</subfield>
    <subfield code="w">9789524612890</subfield>
    <subfield code="t">Lasten toivekonsertti</subfield>
    <subfield code="h">[Nuottijulkaisu]. -</subfield>
    <subfield code="d">Helsinki : F-Kustannus, 2014. -</subfield>
    <subfield code="m">1 sävelmäkokoelma. -</subfield>
    <subfield code="z">978-952-461-289-0. -</subfield>
    <subfield code="o">979-0-55008-313-4</subfield>
  </datafield>
</record>