
<record format="MARC21" type="Bibliographic">
  <leader>00000nca a2200097 a 4500</leader>
  <controlfield tag="001">A1075644</controlfield>
  <controlfield tag="003">KONVERSIO</controlfield>
  <controlfield tag="005">20180213134822.0</controlfield>
  <controlfield tag="007">qu</controlfield>
  <controlfield tag="008">060308s2006    fi ppz||||||||||||||fin| </controlfield>
  <datafield tag="035" ind1=" " ind2=" ">
    <subfield code="a">{659BBC63-F217-4710-8792-000F487BAE50}</subfield>
  </datafield>
  <datafield tag="041" ind1="0" ind2=" ">
    <subfield code="a">fin</subfield>
  </datafield>
  <datafield tag="245" ind1="0" ind2="0">
    <subfield code="a">Äidin sydän.</subfield>
  </datafield>
  <datafield tag="773" ind1="0" ind2=" ">
    <subfield code="7">nncm</subfield>
    <subfield code="w">9524611015</subfield>
    <subfield code="t">Kultainen laulukirja : 400 suosikkilaulua</subfield>
    <subfield code="h">[Nuottijulkaisu]. -</subfield>
    <subfield code="b">[Uusi p.]. -</subfield>
    <subfield code="d">Helsinki : F-Kustannus, 2006. -</subfield>
    <subfield code="m">1 sävelmäkokoelma. -</subfield>
    <subfield code="z">952-461-101-5. -</subfield>
    <subfield code="o">M-55008-130-7</subfield>
  </datafield>
</record>