
<record format="MARC21" type="Bibliographic">
  <leader>00000nja a2200121 a 4500</leader>
  <controlfield tag="001">A1712347</controlfield>
  <controlfield tag="003">KONVERSIO</controlfield>
  <controlfield tag="005">20180213134822.0</controlfield>
  <controlfield tag="007">sd||||g|||m||d</controlfield>
  <controlfield tag="008">120201s2010    xxkjz|||||||||||||||eng| </controlfield>
  <datafield tag="035" ind1=" " ind2=" ">
    <subfield code="a">{ECD64124-EC94-4444-A439-000F6940D3BD}</subfield>
  </datafield>
  <datafield tag="041" ind1="0" ind2=" ">
    <subfield code="d">eng</subfield>
  </datafield>
  <datafield tag="110" ind1="2" ind2=" ">
    <subfield code="a">Blue Jacks,</subfield>
    <subfield code="e">esitt.</subfield>
  </datafield>
  <datafield tag="245" ind1="1" ind2="0">
    <subfield code="a">Late hours blues.</subfield>
  </datafield>
  <datafield tag="260" ind1=" " ind2=" ">
    <subfield code="c">p1949.</subfield>
  </datafield>
  <datafield tag="773" ind1="0" ind2=" ">
    <subfield code="7">nnjm</subfield>
    <subfield code="w">A1702896</subfield>
    <subfield code="t">Let me tell you about the blues</subfield>
    <subfield code="h">[Äänite]. -</subfield>
    <subfield code="d">[London] : Future Noise Music. -</subfield>
    <subfield code="m">3 CD-äänilevyä. -</subfield>
    <subfield code="o">FVTD078</subfield>
  </datafield>
</record>