
<record format="MARC21" type="Bibliographic">
  <leader>00000nfm a22001814a 4500</leader>
  <controlfield tag="001">9789514892424</controlfield>
  <controlfield tag="003">KONVERSIO</controlfield>
  <controlfield tag="005">20180213134822.0</controlfield>
  <controlfield tag="007">au| ||||</controlfield>
  <controlfield tag="008">100324s2009    xx |||||||a|| ||||||fin|c</controlfield>
  <datafield tag="020" ind1=" " ind2=" ">
    <subfield code="a">978-951-48-9242-4</subfield>
    <subfield code="q">muu. :</subfield>
    <subfield code="c">15,90 EUR</subfield>
  </datafield>
  <datafield tag="024" ind1="3" ind2=" ">
    <subfield code="a">9789514892424</subfield>
  </datafield>
  <datafield tag="035" ind1=" " ind2=" ">
    <subfield code="a">{6FED844A-66EE-4C54-8EDB-000F755E6A2E}</subfield>
  </datafield>
  <datafield tag="041" ind1="0" ind2=" ">
    <subfield code="a">fin</subfield>
  </datafield>
  <datafield tag="084" ind1=" " ind2=" ">
    <subfield code="a">42.02</subfield>
    <subfield code="2">ykl</subfield>
  </datafield>
  <datafield tag="245" ind1="0" ind2="0">
    <subfield code="a">Maastokartta W524 Sevettijärvi 1:50 000.</subfield>
  </datafield>
  <datafield tag="260" ind1=" " ind2=" ">
    <subfield code="b">Karttakeskus,</subfield>
    <subfield code="c">2009.</subfield>
  </datafield>
  <datafield tag="490" ind1="1" ind2=" ">
    <subfield code="a">Maastokartta W524</subfield>
  </datafield>
  <datafield tag="830" ind1=" " ind2="0">
    <subfield code="a">Maastokartta W524.</subfield>
  </datafield>
</record>