
<record format="MARC21" type="Bibliographic">
  <leader>00000nam a22002174a 4500</leader>
  <controlfield tag="001">9789510220245</controlfield>
  <controlfield tag="003">KONVERSIO</controlfield>
  <controlfield tag="005">20180213134822.0</controlfield>
  <controlfield tag="008">111208s2012    xx |||||||||| |||| |fin|c</controlfield>
  <datafield tag="020" ind1=" " ind2=" ">
    <subfield code="a">978-951-0-22024-5</subfield>
    <subfield code="q">sid. :</subfield>
    <subfield code="c">45,80 EUR</subfield>
  </datafield>
  <datafield tag="024" ind1="3" ind2=" ">
    <subfield code="a">9789510220245</subfield>
  </datafield>
  <datafield tag="035" ind1=" " ind2=" ">
    <subfield code="a">{AD95AE09-7E61-4993-BE64-00101318818A}</subfield>
  </datafield>
  <datafield tag="041" ind1="0" ind2=" ">
    <subfield code="a">fin</subfield>
  </datafield>
  <datafield tag="084" ind1=" " ind2=" ">
    <subfield code="a">68.24</subfield>
    <subfield code="2">ykl</subfield>
  </datafield>
  <datafield tag="100" ind1="1" ind2=" ">
    <subfield code="a">Roininen, Kaarina.</subfield>
  </datafield>
  <datafield tag="245" ind1="1" ind2="0">
    <subfield code="a">Parhaat kotileivonnaiset.</subfield>
  </datafield>
  <datafield tag="250" ind1=" " ind2=" ">
    <subfield code="a">6. p.</subfield>
  </datafield>
  <datafield tag="260" ind1=" " ind2=" ">
    <subfield code="b">WSOY,</subfield>
    <subfield code="c">2012.</subfield>
  </datafield>
  <datafield tag="300" ind1=" " ind2=" ">
    <subfield code="a">413 s.</subfield>
  </datafield>
  <datafield tag="500" ind1=" " ind2=" ">
    <subfield code="a">EI VIELÄ ILMESTYNYT, arvioitu ilmestymisaika 27.02.2012.</subfield>
  </datafield>
</record>