
<record format="MARC21" type="Bibliographic">
  <leader>00000nca a2200085 a 4500</leader>
  <controlfield tag="001">A1424210</controlfield>
  <controlfield tag="003">KONVERSIO</controlfield>
  <controlfield tag="005">20180213134822.0</controlfield>
  <controlfield tag="007">qu</controlfield>
  <controlfield tag="008">090819s2009    xxkrcz|||||||||||||||||| </controlfield>
  <datafield tag="035" ind1=" " ind2=" ">
    <subfield code="a">{38245D77-1975-49E6-83EC-001013FC4673}</subfield>
  </datafield>
  <datafield tag="245" ind1="0" ind2="0">
    <subfield code="a">Talk.</subfield>
  </datafield>
  <datafield tag="773" ind1="0" ind2=" ">
    <subfield code="7">nncm</subfield>
    <subfield code="w">9781849380430</subfield>
    <subfield code="a">Coldplay</subfield>
    <subfield code="t">Really easy piano : 20 Coldplay songs</subfield>
    <subfield code="h">[Nuottijulkaisu]. -</subfield>
    <subfield code="d">London : Wise, c2009. -</subfield>
    <subfield code="m">1 sävelmäkokoelma. -</subfield>
    <subfield code="z">978-1-84938-043-0. -</subfield>
    <subfield code="o">AM989593</subfield>
  </datafield>
</record>