
<record format="MARC21" type="Bibliographic">
  <leader>00000nca a2200097 a 4500</leader>
  <controlfield tag="001">A1137192</controlfield>
  <controlfield tag="003">KONVERSIO</controlfield>
  <controlfield tag="005">20180213134822.0</controlfield>
  <controlfield tag="007">qu</controlfield>
  <controlfield tag="008">061101s2006    xxkjzz|||||||||||||||||| </controlfield>
  <datafield tag="035" ind1=" " ind2=" ">
    <subfield code="a">{341DEC86-A5B3-421F-ACE1-001082D7CD6E}</subfield>
  </datafield>
  <datafield tag="100" ind1="1" ind2=" ">
    <subfield code="a">Davis, Miles,</subfield>
    <subfield code="e">säv.</subfield>
  </datafield>
  <datafield tag="245" ind1="1" ind2="0">
    <subfield code="a">Nardis.</subfield>
  </datafield>
  <datafield tag="773" ind1="0" ind2=" ">
    <subfield code="7">nncm</subfield>
    <subfield code="w">1846094755</subfield>
    <subfield code="t">The real book B flat : European edition</subfield>
    <subfield code="h">[Nuottijulkaisu]. -</subfield>
    <subfield code="b">6th ed.. -</subfield>
    <subfield code="d">[s.l.] : Hal Leonard Europa, c2006. -</subfield>
    <subfield code="z">1-84609-475-5. -</subfield>
    <subfield code="o">HLE90002990</subfield>
  </datafield>
</record>