
<record format="MARC21" type="Bibliographic">
  <leader>00000nam a22001694a 4500</leader>
  <controlfield tag="001">9781472331441</controlfield>
  <controlfield tag="003">KONVERSIO</controlfield>
  <controlfield tag="005">20180213134822.0</controlfield>
  <controlfield tag="008">151104s2014    xx |||||||||| |||| |spa|c</controlfield>
  <datafield tag="020" ind1=" " ind2=" ">
    <subfield code="a">978-1-4723-3144-1</subfield>
    <subfield code="q">sid. :</subfield>
    <subfield code="c">13,67 EUR</subfield>
  </datafield>
  <datafield tag="024" ind1="3" ind2=" ">
    <subfield code="a">9781472331441</subfield>
  </datafield>
  <datafield tag="035" ind1=" " ind2=" ">
    <subfield code="a">{FBFA0FBB-4641-443A-B8C6-0010A26C8659}</subfield>
  </datafield>
  <datafield tag="041" ind1="0" ind2=" ">
    <subfield code="a">spa</subfield>
  </datafield>
  <datafield tag="245" ind1="0" ind2="0">
    <subfield code="a">Vas a Ser El Hermano Mayor!.</subfield>
  </datafield>
  <datafield tag="260" ind1=" " ind2=" ">
    <subfield code="b">Parragon,</subfield>
    <subfield code="c">2014.</subfield>
  </datafield>
  <datafield tag="300" ind1=" " ind2=" ">
    <subfield code="a">32 s.</subfield>
  </datafield>
  
</record>