
<record format="MARC21" type="Bibliographic">
  <leader>00000nam a22001814a 4500</leader>
  <controlfield tag="001">9789174059168</controlfield>
  <controlfield tag="003">KONVERSIO</controlfield>
  <controlfield tag="005">20180213134822.0</controlfield>
  <controlfield tag="008">141230s2014    xx |||||||||| ||||1|swe|c</controlfield>
  <datafield tag="020" ind1=" " ind2=" ">
    <subfield code="a">978-91-7405-916-8</subfield>
    <subfield code="q">sid. :</subfield>
    <subfield code="c">36,89 EUR</subfield>
  </datafield>
  <datafield tag="035" ind1=" " ind2=" ">
    <subfield code="a">{6795295E-8C9B-4161-B69F-0010C2467C45}</subfield>
  </datafield>
  <datafield tag="041" ind1="0" ind2=" ">
    <subfield code="a">swe</subfield>
  </datafield>
  <datafield tag="084" ind1=" " ind2=" ">
    <subfield code="a">85..3</subfield>
    <subfield code="2">ykl</subfield>
  </datafield>
  <datafield tag="245" ind1="0" ind2="0">
    <subfield code="a">Carl Barks Ankeborg bok 4.</subfield>
  </datafield>
  <datafield tag="260" ind1=" " ind2=" ">
    <subfield code="b">Egmont Kids Media Nordic,</subfield>
    <subfield code="c">2014.</subfield>
  </datafield>
  <datafield tag="300" ind1=" " ind2=" ">
    <subfield code="a">240 s. ;</subfield>
    <subfield code="c">265, 195, 18.</subfield>
  </datafield>
  <datafield tag="490" ind1="1" ind2=" ">
    <subfield code="a">Carl Barks Ankeborg</subfield>
  </datafield>
  <datafield tag="830" ind1=" " ind2="0">
    <subfield code="a">Carl Barks Ankeborg.</subfield>
  </datafield>
</record>