
<record format="MARC21" type="Bibliographic">
  <leader>00000nja a2200085 a 4500</leader>
  <controlfield tag="001">A1584582</controlfield>
  <controlfield tag="003">KONVERSIO</controlfield>
  <controlfield tag="005">20180213134822.0</controlfield>
  <controlfield tag="007">sd||||g|||m||d</controlfield>
  <controlfield tag="008">110310s2011    xxupp||||||||||||||||||| </controlfield>
  <datafield tag="035" ind1=" " ind2=" ">
    <subfield code="a">{AE09552F-1186-4504-A1C9-0010EA4903E7}</subfield>
  </datafield>
  <datafield tag="245" ind1="0" ind2="0">
    <subfield code="a">Someone to watch over me.</subfield>
  </datafield>
  <datafield tag="773" ind1="0" ind2=" ">
    <subfield code="7">nnjm</subfield>
    <subfield code="w">93B3EDDC283749BDB1E2F387FAFDF988</subfield>
    <subfield code="a">Stewart, Rod</subfield>
    <subfield code="t">The best of... : the great American songbook</subfield>
    <subfield code="h">[Äänite]. -</subfield>
    <subfield code="d">[S.l.] : J Records, c2011. -</subfield>
    <subfield code="m">1 CD-äänilevy. -</subfield>
    <subfield code="o">88697830062</subfield>
  </datafield>
</record>