
<record format="MARC21" type="Bibliographic">
  <leader>00000nca a2200097 a 4500</leader>
  <controlfield tag="001">A1787523</controlfield>
  <controlfield tag="003">KONVERSIO</controlfield>
  <controlfield tag="005">20180213134822.0</controlfield>
  <controlfield tag="007">qu</controlfield>
  <controlfield tag="008">120314s2009    fi fmz||||||||||||||fin| </controlfield>
  <datafield tag="035" ind1=" " ind2=" ">
    <subfield code="a">{B910D9E8-16AA-43A1-A829-0010FEF39A60}</subfield>
  </datafield>
  <datafield tag="041" ind1="0" ind2=" ">
    <subfield code="a">fin</subfield>
  </datafield>
  <datafield tag="245" ind1="0" ind2="0">
    <subfield code="a">Vanhalle Juutilalle.</subfield>
  </datafield>
  <datafield tag="773" ind1="0" ind2=" ">
    <subfield code="7">nncm</subfield>
    <subfield code="w">A1703438</subfield>
    <subfield code="t">Pelimannisäveliä Pohjois-Savosta</subfield>
    <subfield code="h">[Nuottijulkaisu]. -</subfield>
    <subfield code="d">[Kuopio] : Pohjois-Savon kansanmusiikkiyhdistys. -</subfield>
    <subfield code="m">1 sävelmäkokoelma. -</subfield>
    <subfield code="g">7</subfield>
  </datafield>
</record>