
<record format="MARC21" type="Bibliographic">
  <leader>00000nja a2200085 a 4500</leader>
  <controlfield tag="001">A0960019</controlfield>
  <controlfield tag="003">KONVERSIO</controlfield>
  <controlfield tag="005">20180213134822.0</controlfield>
  <controlfield tag="007">sd||||g|||m||d</controlfield>
  <controlfield tag="008">050208s2005    fi rc||||||||||||||||||| </controlfield>
  <datafield tag="035" ind1=" " ind2=" ">
    <subfield code="a">{46F63DD5-7D48-456B-AC08-00110162A415}</subfield>
  </datafield>
  <datafield tag="245" ind1="0" ind2="0">
    <subfield code="a">Minne ikinä meet.</subfield>
  </datafield>
  <datafield tag="773" ind1="0" ind2=" ">
    <subfield code="7">nnjm</subfield>
    <subfield code="w">A0951019</subfield>
    <subfield code="a">Sani</subfield>
    <subfield code="t">Kaikki laulut</subfield>
    <subfield code="h">[Äänite]. -</subfield>
    <subfield code="d">[Espoo] : SONY BMG Music Entertainment, p2005. -</subfield>
    <subfield code="m">1 CD-äänilevy. -</subfield>
    <subfield code="o">82876675052</subfield>
  </datafield>
</record>