
<record format="MARC21" type="Bibliographic">
  <leader>00000nca a2200085 a 4500</leader>
  <controlfield tag="001">A1156031</controlfield>
  <controlfield tag="003">KONVERSIO</controlfield>
  <controlfield tag="005">20180213134822.0</controlfield>
  <controlfield tag="007">qu</controlfield>
  <controlfield tag="008">070110s2006    fi ppz|||||||||||||||||| </controlfield>
  <datafield tag="035" ind1=" " ind2=" ">
    <subfield code="a">{A30A85F5-9A06-4CA8-B985-00112CF902FC}</subfield>
  </datafield>
  <datafield tag="245" ind1="0" ind2="0">
    <subfield code="a">Tuhlaajat.</subfield>
  </datafield>
  <datafield tag="773" ind1="0" ind2=" ">
    <subfield code="7">nncm</subfield>
    <subfield code="w">M706334356</subfield>
    <subfield code="a">Chydenius, Kaj</subfield>
    <subfield code="t">Ääni läheltä : lauluja Aaro Hellaakosken runoihin</subfield>
    <subfield code="h">[Nuottijulkaisu]. -</subfield>
    <subfield code="d">Helsinki : Love Kustannus, 2006. -</subfield>
    <subfield code="m">1 sävelmäkokoelma. -</subfield>
    <subfield code="k">Opera omnia. -</subfield>
    <subfield code="o">M-706334-35-6</subfield>
  </datafield>
</record>