
<record format="MARC21" type="Bibliographic">
  <leader>00000nca a2200109 a 4500</leader>
  <controlfield tag="001">A4346996</controlfield>
  <controlfield tag="003">KONVERSIO</controlfield>
  <controlfield tag="005">20180213134822.0</controlfield>
  <controlfield tag="007">qu</controlfield>
  <controlfield tag="008">160426s2016    fi rcz|||||||||||||||||| </controlfield>
  <datafield tag="035" ind1=" " ind2=" ">
    <subfield code="a">{3652F39F-F7E2-499B-BB23-001142B738C0}</subfield>
  </datafield>
  <datafield tag="245" ind1="0" ind2="0">
    <subfield code="a">Used to feel before.</subfield>
  </datafield>
  <datafield tag="700" ind1="1" ind2=" ">
    <subfield code="a">Jylli, Jukka,</subfield>
    <subfield code="e">esittäjä.</subfield>
  </datafield>
  <datafield tag="710" ind1="2" ind2=" ">
    <subfield code="a">Kingston Wall,</subfield>
    <subfield code="e">esittäjä.</subfield>
  </datafield>
  <datafield tag="773" ind1="0" ind2=" ">
    <subfield code="7">nncm</subfield>
    <subfield code="w">9789529365821</subfield>
    <subfield code="a">Nurmi, Mikko</subfield>
    <subfield code="t">Bassokirja : Kingston Wall, Egotrippi, Regina</subfield>
    <subfield code="h">[Nuottijulkaisu]. -</subfield>
    <subfield code="d">[S.l.] : Mikko Nurmi, © 2016. -</subfield>
    <subfield code="m">1 soitonopas. -</subfield>
    <subfield code="z">978-952-93-6582-1</subfield>
  </datafield>
</record>