
<record format="MARC21" type="Bibliographic">
  <leader>00000nja a2200085 a 4500</leader>
  <controlfield tag="001">A1240649</controlfield>
  <controlfield tag="003">KONVERSIO</controlfield>
  <controlfield tag="005">20180213134822.0</controlfield>
  <controlfield tag="007">sd||||g|||m||d</controlfield>
  <controlfield tag="008">071120s2007    fi rc||||||||||||||||||| </controlfield>
  <datafield tag="035" ind1=" " ind2=" ">
    <subfield code="a">{73E57E53-07AF-4FCD-9A66-0011954BC566}</subfield>
  </datafield>
  <datafield tag="245" ind1="0" ind2="0">
    <subfield code="a">Paha sana.</subfield>
  </datafield>
  <datafield tag="773" ind1="0" ind2=" ">
    <subfield code="7">nnjm</subfield>
    <subfield code="w">3FE3D34C34DC407BAFBCA8669E875B1F</subfield>
    <subfield code="a">Tiktak</subfield>
    <subfield code="t">Sinkut 99-07</subfield>
    <subfield code="h">[Äänite]. -</subfield>
    <subfield code="d">[Helsinki] : Universal Music Finland, p2007. -</subfield>
    <subfield code="m">2 CD-äänilevyä. -</subfield>
    <subfield code="o">175036-2</subfield>
  </datafield>
</record>