
<record format="MARC21" type="Bibliographic">
  <leader>00000nja a2200097 a 4500</leader>
  <controlfield tag="001">A1333524</controlfield>
  <controlfield tag="003">KONVERSIO</controlfield>
  <controlfield tag="005">20180213134822.0</controlfield>
  <controlfield tag="007">sd||||g|||m||d</controlfield>
  <controlfield tag="008">080915s2008    xxurc||||||||||||||||||| </controlfield>
  <datafield tag="035" ind1=" " ind2=" ">
    <subfield code="a">{D67A12EC-D0C7-47A0-A551-0011C7A704D5}</subfield>
  </datafield>
  <datafield tag="245" ind1="0" ind2="0">
    <subfield code="a">I want to know what love is.</subfield>
  </datafield>
  <datafield tag="260" ind1=" " ind2=" ">
    <subfield code="c">p1984.</subfield>
  </datafield>
  <datafield tag="773" ind1="0" ind2=" ">
    <subfield code="7">nnjm</subfield>
    <subfield code="w">A1320562</subfield>
    <subfield code="a">Foreigner</subfield>
    <subfield code="t">No end in sight : the very best of Foreigner</subfield>
    <subfield code="h">[Äänite]. -</subfield>
    <subfield code="d">Burbank : Rhino, p2008. -</subfield>
    <subfield code="m">2 CD-äänilevyä. -</subfield>
    <subfield code="o">8122-79917-7</subfield>
  </datafield>
</record>