
<record format="MARC21" type="Bibliographic">
  <leader>00000nca a2200109 a 4500</leader>
  <controlfield tag="001">A1846032</controlfield>
  <controlfield tag="003">KONVERSIO</controlfield>
  <controlfield tag="005">20180213134822.0</controlfield>
  <controlfield tag="007">qu</controlfield>
  <controlfield tag="008">120831s2012    fi ppz||||||||||||||fin| </controlfield>
  <datafield tag="035" ind1=" " ind2=" ">
    <subfield code="a">{2510AF80-5B30-4864-A5FA-0012889A63C3}</subfield>
  </datafield>
  <datafield tag="041" ind1="0" ind2=" ">
    <subfield code="a">fin</subfield>
  </datafield>
  <datafield tag="245" ind1="0" ind2="0">
    <subfield code="a">On rankkaa olla tonttumies :</subfield>
    <subfield code="b">tv-sarjasta The joulukalenteri = It&apos;s hard to be a nissemand /</subfield>
    <subfield code="c">De Nattergale.</subfield>
  </datafield>
  <datafield tag="246" ind1="3" ind2=" ">
    <subfield code="a">It&apos;s hard to be a nissemand</subfield>
  </datafield>
  <datafield tag="773" ind1="0" ind2=" ">
    <subfield code="7">nncm</subfield>
    <subfield code="w">9789524612432</subfield>
    <subfield code="t">Suuri toivelaulukirja</subfield>
    <subfield code="h">[Nuottijulkaisu]. -</subfield>
    <subfield code="d">Helsinki : F-Kustannus. -</subfield>
    <subfield code="m">1 sävelmäkokoelma. -</subfield>
    <subfield code="z">978-952-461-243-2. -</subfield>
    <subfield code="o">979-0-55008-267-0. -</subfield>
    <subfield code="g">21</subfield>
  </datafield>
</record>