
<record format="MARC21" type="Bibliographic">
  <leader>00000nam a2200361 a 4500</leader>
  <controlfield tag="001">9789513132231</controlfield>
  <controlfield tag="003">KONVERSIO</controlfield>
  <controlfield tag="005">20180213134822.0</controlfield>
  <controlfield tag="008">081209s2009    fi ||||j||||| ||||f|fin| </controlfield>
  <datafield tag="020" ind1=" " ind2=" ">
    <subfield code="a">978-951-31-3223-1</subfield>
    <subfield code="q">sid.</subfield>
  </datafield>
  <datafield tag="035" ind1=" " ind2=" ">
    <subfield code="a">{B7F33348-746D-4782-B87B-00133DEC9F9D}</subfield>
  </datafield>
  <datafield tag="041" ind1="1" ind2=" ">
    <subfield code="a">fin</subfield>
    <subfield code="h">eng</subfield>
  </datafield>
  <datafield tag="084" ind1=" " ind2=" ">
    <subfield code="a">84.2</subfield>
    <subfield code="2">ykl</subfield>
  </datafield>
  <datafield tag="084" ind1="9" ind2=" ">
    <subfield code="a">Fantasia</subfield>
    <subfield code="2">ykl</subfield>
  </datafield>
  <datafield tag="100" ind1="1" ind2=" ">
    <subfield code="a">Paolini, Christopher.</subfield>
  </datafield>
  <datafield tag="240" ind1="1" ind2="0">
    <subfield code="a">Brisingr</subfield>
  </datafield>
  <datafield tag="245" ind1="1" ind2="0">
    <subfield code="a">Brisingr /</subfield>
    <subfield code="c">Christopher Paolini ; suomentanut Tarja Rouhiainen.</subfield>
  </datafield>
  <datafield tag="260" ind1=" " ind2=" ">
    <subfield code="a">Helsinki :</subfield>
    <subfield code="b">Tammi,</subfield>
    <subfield code="c">2009.</subfield>
  </datafield>
  <datafield tag="300" ind1=" " ind2=" ">
    <subfield code="a">802 s. :</subfield>
    <subfield code="b">kartt. ;</subfield>
    <subfield code="c">22 cm.</subfield>
  </datafield>
  <datafield tag="490" ind1="1" ind2=" ">
    <subfield code="a">Perillinen ;</subfield>
    <subfield code="v">3. Kirja</subfield>
  </datafield>
  <datafield tag="505" ind1="0" ind2=" ">
    <subfield code="a">S. 795-799: Sanasto.</subfield>
  </datafield>
  <datafield tag="600" ind1="0" ind2="4">
    <subfield code="a">Eragon,</subfield>
    <subfield code="c">fikt.</subfield>
  </datafield>
  <datafield tag="600" ind1="0" ind2="4">
    <subfield code="a">Saphira,</subfield>
    <subfield code="c">lohikäärme, fikt.</subfield>
  </datafield>
  <datafield tag="650" ind1=" " ind2="7">
    <subfield code="a">nuortenkirjallisuus</subfield>
    <subfield code="2">kaunokki</subfield>
  </datafield>
  <datafield tag="650" ind1=" " ind2="7">
    <subfield code="a">fantasiakirjallisuus</subfield>
    <subfield code="2">kaunokki</subfield>
  </datafield>
  <datafield tag="650" ind1=" " ind2="7">
    <subfield code="a">miekka ja magia -kirjallisuus</subfield>
    <subfield code="2">kaunokki</subfield>
  </datafield>
  <datafield tag="650" ind1=" " ind2="7">
    <subfield code="a">hyvän ja pahan välinen taistelu</subfield>
    <subfield code="2">kaunokki</subfield>
  </datafield>
  <datafield tag="650" ind1=" " ind2="7">
    <subfield code="a">ystävyys</subfield>
    <subfield code="x">pojat</subfield>
    <subfield code="x">lohikäärmeet</subfield>
    <subfield code="2">kaunokki</subfield>
  </datafield>
  <datafield tag="650" ind1=" " ind2="7">
    <subfield code="a">eroaminen</subfield>
    <subfield code="x">ystävät</subfield>
    <subfield code="2">kaunokki</subfield>
  </datafield>
  <datafield tag="650" ind1=" " ind2="7">
    <subfield code="a">yliluonnolliset voimat</subfield>
    <subfield code="2">kaunokki</subfield>
  </datafield>
  <datafield tag="650" ind1=" " ind2="7">
    <subfield code="a">valtataistelu</subfield>
    <subfield code="2">kaunokki</subfield>
  </datafield>
  <datafield tag="650" ind1=" " ind2="7">
    <subfield code="a">lohikäärmeratsastajat</subfield>
    <subfield code="2">kaunokki</subfield>
  </datafield>
  <datafield tag="650" ind1=" " ind2="7">
    <subfield code="a">Alagaësia</subfield>
    <subfield code="2">kaunokki</subfield>
  </datafield>
  <datafield tag="700" ind1="1" ind2=" ">
    <subfield code="a">Rouhiainen, Tarja.</subfield>
  </datafield>
  <datafield tag="830" ind1=" " ind2="0">
    <subfield code="a">Perillinen ;</subfield>
    <subfield code="v">3. Kirja.</subfield>
  </datafield>
  

  
</record>