
<record format="MARC21" type="Bibliographic">
  <leader>00000nca a22     4a 4500</leader>
  <controlfield tag="001">9B709797928B41A186E10014889245DC</controlfield>
  <controlfield tag="003">KONVERSIO</controlfield>
  <controlfield tag="005">20180213134822.0</controlfield>
  <controlfield tag="007">qu</controlfield>
  <controlfield tag="008">070329 uuuu    xx |||||||||||||||||||||c</controlfield>
  <datafield tag="035" ind1=" " ind2=" ">
    <subfield code="a">{9B709797-928B-41A1-86E1-0014889245DC}</subfield>
  </datafield>
  <datafield tag="245" ind1="0" ind2="0">
    <subfield code="a">Oi Isä, Poika, Henki Herran.</subfield>
  </datafield>
  <datafield tag="773" ind1="0" ind2=" ">
    <subfield code="7">nncm</subfield>
    <subfield code="w">C866924BA31000A307490030050E2A61</subfield>
    <subfield code="t">Koraalikirja : kahdennentoista yleisen kirkolliskokouksen v. 1938 hyväksymä</subfield>
    <subfield code="h">[nuottijulkaisu]. -</subfield>
    <subfield code="b">kahdeksas painos. -</subfield>
    <subfield code="d">[Porvoo] : WSOY, 1965. -</subfield>
    <subfield code="m">1 sävelmäkokoelma. -</subfield>
    <subfield code="g">1</subfield>
  </datafield>
</record>