
<record format="MARC21" type="Bibliographic">
  <leader>00000nja a2200121 a 4500</leader>
  <controlfield tag="001">A1239615</controlfield>
  <controlfield tag="003">KONVERSIO</controlfield>
  <controlfield tag="005">20180213134822.0</controlfield>
  <controlfield tag="007">sd||||g|||m||d</controlfield>
  <controlfield tag="008">071115s2007    fi rc|||||||||||||||eng| </controlfield>
  <datafield tag="035" ind1=" " ind2=" ">
    <subfield code="a">{708D1AE3-74D1-4DD5-B2C8-0014E8A96FFE}</subfield>
  </datafield>
  <datafield tag="041" ind1="0" ind2=" ">
    <subfield code="d">eng</subfield>
  </datafield>
  <datafield tag="130" ind1="0" ind2=" ">
    <subfield code="a">Syvänmeren sukeltaja</subfield>
  </datafield>
  <datafield tag="245" ind1="1" ind2="0">
    <subfield code="a">Deep sea diver.</subfield>
  </datafield>
  <datafield tag="260" ind1=" " ind2=" ">
    <subfield code="c">1983.</subfield>
  </datafield>
  <datafield tag="773" ind1="0" ind2=" ">
    <subfield code="7">nnjm</subfield>
    <subfield code="w">58B40947392340D69BD949BA15998846</subfield>
    <subfield code="a">Leskinen, Juice</subfield>
    <subfield code="t">Syksyn sävel : kaikki singlet 1974-2004</subfield>
    <subfield code="h">[Äänite]. -</subfield>
    <subfield code="d">[Helsinki] : Johanna Kustannus, p2007. -</subfield>
    <subfield code="m">6 CD-äänilevyä. -</subfield>
    <subfield code="o">MGMCD2230</subfield>
  </datafield>
</record>