
<record format="MARC21" type="Bibliographic">
  <leader>00000nja a2200109 a 4500</leader>
  <controlfield tag="001">A4252201</controlfield>
  <controlfield tag="003">KONVERSIO</controlfield>
  <controlfield tag="005">20180213134822.0</controlfield>
  <controlfield tag="007">sd||||g|||m||d</controlfield>
  <controlfield tag="008">150617s2015    xxkrc|||||||||||||||eng| </controlfield>
  <datafield tag="035" ind1=" " ind2=" ">
    <subfield code="a">{724F287C-114A-4C5E-AFD5-00152FC561C0}</subfield>
  </datafield>
  <datafield tag="041" ind1="0" ind2=" ">
    <subfield code="d">eng</subfield>
  </datafield>
  <datafield tag="245" ind1="0" ind2="0">
    <subfield code="a">Chosen race.</subfield>
  </datafield>
  <datafield tag="710" ind1="2" ind2=" ">
    <subfield code="a">Samael,</subfield>
    <subfield code="e">esittäjä.</subfield>
  </datafield>
  <datafield tag="773" ind1="0" ind2=" ">
    <subfield code="7">nnjm</subfield>
    <subfield code="w">A4234906</subfield>
    <subfield code="a">Samael</subfield>
    <subfield code="t">Original album collection</subfield>
    <subfield code="h">[Äänite]. -</subfield>
    <subfield code="d">London : Century Media Records, p 2015. -</subfield>
    <subfield code="m">3 CD-äänilevyä. -</subfield>
    <subfield code="o">9985640</subfield>
  </datafield>
</record>