
<record format="MARC21" type="Bibliographic">
  <leader>00000ncm a22001694a 4500</leader>
  <controlfield tag="001">6418616203502</controlfield>
  <controlfield tag="003">KONVERSIO</controlfield>
  <controlfield tag="005">20180213134822.0</controlfield>
  <controlfield tag="007">qu</controlfield>
  <controlfield tag="008">140925s2014    xx |||||||||||||||||eng|c</controlfield>
  <datafield tag="024" ind1="3" ind2=" ">
    <subfield code="a">6418616203502</subfield>
  </datafield>
  <datafield tag="035" ind1=" " ind2=" ">
    <subfield code="a">{73233FBB-D921-43EC-9774-00153F8157D0}</subfield>
  </datafield>
  <datafield tag="041" ind1="0" ind2=" ">
    <subfield code="a">eng</subfield>
  </datafield>
  <datafield tag="084" ind1=" " ind2=" ">
    <subfield code="a">78</subfield>
    <subfield code="2">ykl</subfield>
  </datafield>
  <datafield tag="100" ind1="1" ind2=" ">
    <subfield code="a">Rothman, Joel.</subfield>
  </datafield>
  <datafield tag="245" ind1="1" ind2="0">
    <subfield code="a">Joel Rothman&apos;s Drumming An All That Jazz</subfield>
    <subfield code="h">[Nuottijulkaisu].</subfield>
  </datafield>
  <datafield tag="260" ind1=" " ind2=" ">
    <subfield code="b">Joel Rothman Publications,</subfield>
    <subfield code="c">2014.</subfield>
  </datafield>
</record>