
<record format="MARC21" type="Bibliographic">
  <leader>00000nja a2200109 a 4500</leader>
  <controlfield tag="001">A4219461</controlfield>
  <controlfield tag="003">KONVERSIO</controlfield>
  <controlfield tag="005">20180213134822.0</controlfield>
  <controlfield tag="007">sd||||g|||m||d</controlfield>
  <controlfield tag="008">150407s2015    xxkrc|||||||||||||||eng| </controlfield>
  <datafield tag="035" ind1=" " ind2=" ">
    <subfield code="a">{82B18E5D-1279-4AC7-91C7-00155F376C14}</subfield>
  </datafield>
  <datafield tag="041" ind1="0" ind2=" ">
    <subfield code="d">eng</subfield>
  </datafield>
  <datafield tag="245" ind1="0" ind2="0">
    <subfield code="a">Medicine.</subfield>
  </datafield>
  <datafield tag="710" ind1="2" ind2=" ">
    <subfield code="a">Prodigy,</subfield>
    <subfield code="e">esittäjä.</subfield>
  </datafield>
  <datafield tag="773" ind1="0" ind2=" ">
    <subfield code="7">nnjm</subfield>
    <subfield code="w">A4186674</subfield>
    <subfield code="a">Prodigy</subfield>
    <subfield code="t">The day is my enemy</subfield>
    <subfield code="h">[Äänite]. -</subfield>
    <subfield code="d">[S.l.] : Take Me To The Hospital, p 2015. -</subfield>
    <subfield code="m">1 CD-äänilevy. -</subfield>
    <subfield code="o">HOSPCD005</subfield>
  </datafield>
</record>