
<record format="MARC21" type="Bibliographic">
  <leader>00000nca a22     4a 4500</leader>
  <controlfield tag="001">0FB09D42C3EB4C3AAB63001582C3EAC4</controlfield>
  <controlfield tag="003">KONVERSIO</controlfield>
  <controlfield tag="005">20180213134822.0</controlfield>
  <controlfield tag="007">qu</controlfield>
  <controlfield tag="008">091006s1993    fi gm|||||||||||||||||||c</controlfield>
  <datafield tag="035" ind1=" " ind2=" ">
    <subfield code="a">{0FB09D42-C3EB-4C3A-AB63-001582C3EAC4}</subfield>
  </datafield>
  <datafield tag="245" ind1="0" ind2="0">
    <subfield code="a">Kultakaupunkiin mun sydämeni kaipaa.</subfield>
  </datafield>
  <datafield tag="773" ind1="0" ind2=" ">
    <subfield code="7">nncm</subfield>
    <subfield code="w">9516890741</subfield>
    <subfield code="t">Sininen laulukirja</subfield>
    <subfield code="h">[Nuottijulkaisu]. -</subfield>
    <subfield code="b">2. uud. p.. -</subfield>
    <subfield code="d">Suolahti : Ev.lut. herätysseura, 1993. -</subfield>
    <subfield code="m">1 sävelmäkokoelma. -</subfield>
    <subfield code="z">951-689-074-1</subfield>
  </datafield>
</record>