
<record format="MARC21" type="Bibliographic">
  <leader>00000nja a22     4a 4500</leader>
  <controlfield tag="001">96C6BF696DA647B3A71F001602696248</controlfield>
  <controlfield tag="003">KONVERSIO</controlfield>
  <controlfield tag="005">20180213134822.0</controlfield>
  <controlfield tag="007">sd||||g|||m||d</controlfield>
  <controlfield tag="008">141229s2014    fi rc|||||||||||||||||||c</controlfield>
  <datafield tag="035" ind1=" " ind2=" ">
    <subfield code="a">{96C6BF69-6DA6-47B3-A71F-001602696248}</subfield>
  </datafield>
  <datafield tag="245" ind1="0" ind2="0">
    <subfield code="a">Mannakorven mailla.</subfield>
  </datafield>
  <datafield tag="773" ind1="0" ind2=" ">
    <subfield code="7">nnjm</subfield>
    <subfield code="w">225DFAC7A0D2405E927EE6E469383187</subfield>
    <subfield code="a">Vellamo</subfield>
    <subfield code="t">Trad</subfield>
    <subfield code="h">[Äänite]. -</subfield>
    <subfield code="d">[Kokkola] : [S.n.], 2014. -</subfield>
    <subfield code="m">1 CD-äänilevy. -</subfield>
    <subfield code="o">SOICD02</subfield>
  </datafield>
</record>