
<record format="MARC21" type="Bibliographic">
  <leader>00000nja a22     4a 4500</leader>
  <controlfield tag="001">375B95CBFAC543198CC300163EF3E84F</controlfield>
  <controlfield tag="003">KONVERSIO</controlfield>
  <controlfield tag="005">20180213134822.0</controlfield>
  <controlfield tag="007">sd||||g|||m||d</controlfield>
  <controlfield tag="008">051010 uuuu    xx |||||||||||||||||||||c</controlfield>
  <datafield tag="035" ind1=" " ind2=" ">
    <subfield code="a">{375B95CB-FAC5-4319-8CC3-00163EF3E84F}</subfield>
  </datafield>
  <datafield tag="245" ind1="0" ind2="0">
    <subfield code="a">I want to be loved.</subfield>
  </datafield>
  <datafield tag="773" ind1="0" ind2=" ">
    <subfield code="7">nnjm</subfield>
    <subfield code="w">3E7C95DF03F94C1C803778999FE614DC</subfield>
    <subfield code="a">Bon Jovi</subfield>
    <subfield code="t">Have a nice day</subfield>
    <subfield code="h">[Äänite]. -</subfield>
    <subfield code="d">[s.l.], p2005 : Island Def Jam Music / UMG. -</subfield>
    <subfield code="m">1 CD-äänilevy. -</subfield>
    <subfield code="o">0602498849651</subfield>
  </datafield>
</record>