
<record format="MARC21" type="Bibliographic">
  <leader>00000nca a2200097 a 4500</leader>
  <controlfield tag="001">A1684102</controlfield>
  <controlfield tag="003">KONVERSIO</controlfield>
  <controlfield tag="005">20180213134822.0</controlfield>
  <controlfield tag="007">qu</controlfield>
  <controlfield tag="008">111122s2011    xxkrcz||||||||||||||eng| </controlfield>
  <datafield tag="035" ind1=" " ind2=" ">
    <subfield code="a">{390347F9-6835-4197-B4C2-001679038EE7}</subfield>
  </datafield>
  <datafield tag="041" ind1="0" ind2=" ">
    <subfield code="a">eng</subfield>
  </datafield>
  <datafield tag="245" ind1="0" ind2="0">
    <subfield code="a">Don&apos;t you remember.</subfield>
  </datafield>
  <datafield tag="773" ind1="0" ind2=" ">
    <subfield code="7">nncm</subfield>
    <subfield code="w">9781780382722</subfield>
    <subfield code="a">Adele</subfield>
    <subfield code="t">The best of Adele for guitar</subfield>
    <subfield code="h">[Nuottijulkaisu]. -</subfield>
    <subfield code="d">London : Wise, c2011. -</subfield>
    <subfield code="m">1 sävelmäkokoelma. -</subfield>
    <subfield code="k">Guitar tab edition. -</subfield>
    <subfield code="z">978-1-78038-272-2. -</subfield>
    <subfield code="o">AM1003904</subfield>
  </datafield>
</record>