
<record format="MARC21" type="Bibliographic">
  <leader>00000nca a22     4a 4500</leader>
  <controlfield tag="001">BFCED020A8324ABF83740016C7AE4D57</controlfield>
  <controlfield tag="003">KONVERSIO</controlfield>
  <controlfield tag="005">20180213134822.0</controlfield>
  <controlfield tag="007">qu</controlfield>
  <controlfield tag="008">050125 uuuu    xx |||||||||||||||||||||c</controlfield>
  <datafield tag="035" ind1=" " ind2=" ">
    <subfield code="a">{BFCED020-A832-4ABF-8374-0016C7AE4D57}</subfield>
  </datafield>
  <datafield tag="245" ind1="0" ind2="0">
    <subfield code="a">Stream of consciousness.</subfield>
  </datafield>
  <datafield tag="773" ind1="0" ind2=" ">
    <subfield code="7">nncm</subfield>
    <subfield code="w">0757922368</subfield>
    <subfield code="a">Dream Theater</subfield>
    <subfield code="t">Train of thought</subfield>
    <subfield code="h">[Nuottijulkaisu]. -</subfield>
    <subfield code="d">Miami (FL) : Warner Bros. Publications, 2004. -</subfield>
    <subfield code="m">sävelmäkokoelma. -</subfield>
    <subfield code="z">0-7579-2236-8. -</subfield>
    <subfield code="o">0750B</subfield>
  </datafield>
</record>