
<record format="MARC21" type="Bibliographic">
  <leader>00000njm a2200157 a 4500</leader>
  <controlfield tag="001">A1433795</controlfield>
  <controlfield tag="003">KONVERSIO</controlfield>
  <controlfield tag="005">20180213134822.0</controlfield>
  <controlfield tag="007">sd||||g|||m||d</controlfield>
  <controlfield tag="008">090918s2009    fi fm||||z||||||||||zxx| </controlfield>
  <datafield tag="028" ind1="0" ind2="1">
    <subfield code="b">Kansanmusiikki-instituutti</subfield>
    <subfield code="a">KICD104</subfield>
  </datafield>
  <datafield tag="035" ind1=" " ind2=" ">
    <subfield code="a">{9B01679C-48B8-4355-AC25-0016F85EE345}</subfield>
  </datafield>
  <datafield tag="041" ind1="0" ind2=" ">
    <subfield code="d">zxx</subfield>
  </datafield>
  <datafield tag="084" ind1=" " ind2=" ">
    <subfield code="a">78.4215</subfield>
    <subfield code="2">ykl</subfield>
  </datafield>
  <datafield tag="245" ind1="0" ind2="0">
    <subfield code="a">Kielibasso</subfield>
    <subfield code="h">[Äänite] :</subfield>
    <subfield code="b">suomalaista huuliharppumusiikkia = Finnish harmonica music.</subfield>
  </datafield>
  <datafield tag="260" ind1=" " ind2=" ">
    <subfield code="a">[Kaustinen] :</subfield>
    <subfield code="b">Kansanmusiikki-instituutti,</subfield>
    <subfield code="c">2009.</subfield>
  </datafield>
  <datafield tag="300" ind1=" " ind2=" ">
    <subfield code="a">1 CD-äänilevy (47 min 52 sek)</subfield>
  </datafield>
  <datafield tag="505" ind1="0" ind2=" ">
    <subfield code="a">Levyvihko sisältää tietoa levyllä esiintyvistä soittajista, pelimannien suo.</subfield>
  </datafield>
  <datafield tag="511" ind1="0" ind2=" ">
    <subfield code="a">Vihtori Hiivanainen, Jalmari Palmroth, Kustaa Järvinen, Harry Timdal, Vihto.</subfield>
  </datafield>
  <datafield tag="583" ind1=" " ind2=" ">
    <subfield code="a">1CD+1LI.</subfield>
  </datafield>
  <datafield tag="650" ind1=" " ind2="7">
    <subfield code="a">huuliharppu</subfield>
    <subfield code="x">pelimannimusiikki</subfield>
    <subfield code="z">Suomi</subfield>
    <subfield code="2">musa</subfield>
  </datafield>
</record>