
<record format="MARC21" type="Bibliographic">
  <leader>00000nam a22002174a 4500</leader>
  <controlfield tag="001">9789521420870</controlfield>
  <controlfield tag="003">KONVERSIO</controlfield>
  <controlfield tag="005">20180213134822.0</controlfield>
  <controlfield tag="008">140109s2014    xx |||||||||| |||| |fin|c</controlfield>
  <datafield tag="020" ind1=" " ind2=" ">
    <subfield code="a">978-952-14-2087-0</subfield>
    <subfield code="q">sid. :</subfield>
    <subfield code="c">98,00 EUR</subfield>
  </datafield>
  <datafield tag="024" ind1="3" ind2=" ">
    <subfield code="a">9789521420870</subfield>
  </datafield>
  <datafield tag="035" ind1=" " ind2=" ">
    <subfield code="a">{3C201E0A-F05A-44F7-AF17-00175B44E431}</subfield>
  </datafield>
  <datafield tag="041" ind1="0" ind2=" ">
    <subfield code="a">fin</subfield>
  </datafield>
  <datafield tag="084" ind1=" " ind2=" ">
    <subfield code="a">33.34</subfield>
    <subfield code="2">ykl</subfield>
  </datafield>
  <datafield tag="100" ind1="1" ind2=" ">
    <subfield code="a">Haarmann, Pirkko-Liisa.</subfield>
  </datafield>
  <datafield tag="245" ind1="1" ind2="0">
    <subfield code="a">Immateriaalioikeus.</subfield>
  </datafield>
  <datafield tag="250" ind1=" " ind2=" ">
    <subfield code="a">5. uud. p.</subfield>
  </datafield>
  <datafield tag="260" ind1=" " ind2=" ">
    <subfield code="b">Talentum,</subfield>
    <subfield code="c">2014.</subfield>
  </datafield>
  <datafield tag="300" ind1=" " ind2=" ">
    <subfield code="a">450 s.</subfield>
  </datafield>
  <datafield tag="500" ind1=" " ind2=" ">
    <subfield code="a">EI VIELÄ ILMESTYNYT, arvioitu ilmestymisaika 15.02.2014.</subfield>
  </datafield>
</record>