
<record format="MARC21" type="Bibliographic">
  <leader>00000nja a2200097 a 4500</leader>
  <controlfield tag="001">1A0F7E53FBBE4668A72F00180B8D9C00</controlfield>
  <controlfield tag="003">KONVERSIO</controlfield>
  <controlfield tag="005">20180213134822.0</controlfield>
  <controlfield tag="007">sd||||g|||m||d</controlfield>
  <controlfield tag="008">090511s2008    fr jz||||||||||||||||||| </controlfield>
  <datafield tag="033" ind1="0" ind2=" ">
    <subfield code="a">1956----</subfield>
  </datafield>
  <datafield tag="035" ind1=" " ind2=" ">
    <subfield code="a">{1A0F7E53-FBBE-4668-A72F-00180B8D9C00}</subfield>
  </datafield>
  <datafield tag="245" ind1="0" ind2="0">
    <subfield code="a">Concerto for Billy The Kid.</subfield>
  </datafield>
  <datafield tag="511" ind1="0" ind2=" ">
    <subfield code="a">George Russell And His Small Tet: Art Farmer (tp), Hal McKusick (as), Bill .</subfield>
  </datafield>
  <datafield tag="773" ind1="0" ind2=" ">
    <subfield code="7">nnjm</subfield>
    <subfield code="w">A1373150</subfield>
    <subfield code="a">Evans, Bill</subfield>
    <subfield code="t">Sunday in spring : André Francis &amp; Jean Schwarz présentent</subfield>
    <subfield code="h">[Äänite]. -</subfield>
    <subfield code="d">[S.l.] : Le Chant du Monde, p2009. -</subfield>
    <subfield code="m">2 CD-äänilevyä. -</subfield>
    <subfield code="k">Jazz characters ; 48. -</subfield>
    <subfield code="o">274161516</subfield>
  </datafield>
</record>