
<record format="MARC21" type="Bibliographic">
  <leader>00000njm a2200277 a 4500</leader>
  <controlfield tag="001">A1898878</controlfield>
  <controlfield tag="003">KONVERSIO</controlfield>
  <controlfield tag="005">20180213134822.0</controlfield>
  <controlfield tag="007">sd||||g|||m||d</controlfield>
  <controlfield tag="008">121219s2012    fi rc|||||||||||||||fin| </controlfield>
  <datafield tag="024" ind1="3" ind2=" ">
    <subfield code="a">5053105586721</subfield>
  </datafield>
  <datafield tag="028" ind1="0" ind2="1">
    <subfield code="b">Warner Music Finland</subfield>
    <subfield code="a">5053105586721</subfield>
  </datafield>
  <datafield tag="035" ind1=" " ind2=" ">
    <subfield code="a">{0DAB0461-2AB4-49F7-9D3F-00181FF3DD60}</subfield>
  </datafield>
  <datafield tag="041" ind1="0" ind2=" ">
    <subfield code="d">fin</subfield>
    <subfield code="d">eng</subfield>
  </datafield>
  <datafield tag="084" ind1=" " ind2=" ">
    <subfield code="a">78.891</subfield>
    <subfield code="2">ykl</subfield>
  </datafield>
  <datafield tag="084" ind1=" " ind2=" ">
    <subfield code="a">78.8932</subfield>
    <subfield code="2">ykl</subfield>
  </datafield>
  <datafield tag="245" ind1="0" ind2="0">
    <subfield code="a">Vain elämää jatkuu</subfield>
    <subfield code="h">[Äänite].</subfield>
  </datafield>
  <datafield tag="260" ind1=" " ind2=" ">
    <subfield code="a">[S.l.] :</subfield>
    <subfield code="b">Warner Music Finland,</subfield>
    <subfield code="c">p2012.</subfield>
  </datafield>
  <datafield tag="300" ind1=" " ind2=" ">
    <subfield code="a">1 CD-äänilevy (50 min 40 sek)</subfield>
  </datafield>
  <datafield tag="583" ind1=" " ind2=" ">
    <subfield code="a">1cd+1li.</subfield>
  </datafield>
  <datafield tag="650" ind1=" " ind2="7">
    <subfield code="a">televisio-ohjelmat</subfield>
    <subfield code="x">musiikki</subfield>
    <subfield code="z">Suomi</subfield>
    <subfield code="y">2010-luku</subfield>
    <subfield code="2">ysa</subfield>
  </datafield>
  <datafield tag="650" ind1=" " ind2="7">
    <subfield code="a">popmusiikki</subfield>
    <subfield code="x">kokoelmat</subfield>
    <subfield code="z">Suomi</subfield>
    <subfield code="y">2010-luku</subfield>
    <subfield code="2">musa</subfield>
  </datafield>
  <datafield tag="650" ind1=" " ind2="7">
    <subfield code="a">viihdemusiikki</subfield>
    <subfield code="x">kokoelmat</subfield>
    <subfield code="z">Suomi</subfield>
    <subfield code="y">2010-luku</subfield>
    <subfield code="2">musa</subfield>
  </datafield>
  <datafield tag="700" ind1="1" ind2=" ">
    <subfield code="a">Koo, Kaija,</subfield>
    <subfield code="e">esitt.</subfield>
  </datafield>
  <datafield tag="700" ind1="1" ind2=" ">
    <subfield code="a">Sillanpää, Jari,</subfield>
    <subfield code="e">esitt.</subfield>
  </datafield>
  <datafield tag="700" ind1="0" ind2=" ">
    <subfield code="a">Neumann,</subfield>
    <subfield code="e">esitt.</subfield>
  </datafield>
  <datafield tag="700" ind1="0" ind2=" ">
    <subfield code="a">Katri Helena,</subfield>
    <subfield code="e">esitt.</subfield>
  </datafield>
  <datafield tag="700" ind1="0" ind2=" ">
    <subfield code="a">Erin,</subfield>
    <subfield code="e">esitt.</subfield>
  </datafield>
  <datafield tag="700" ind1="1" ind2=" ">
    <subfield code="a">Aaron, Jonne,</subfield>
    <subfield code="e">esitt.</subfield>
  </datafield>
  <datafield tag="700" ind1="0" ind2=" ">
    <subfield code="a">Cheek,</subfield>
    <subfield code="e">esitt.</subfield>
  </datafield>
</record>