
<record format="MARC21" type="Bibliographic">
  <leader>00000nca a22     4a 4500</leader>
  <controlfield tag="001">64DC696BCC9D490397E7001865FA3CE5</controlfield>
  <controlfield tag="003">KONVERSIO</controlfield>
  <controlfield tag="005">20180213134822.0</controlfield>
  <controlfield tag="007">qu</controlfield>
  <controlfield tag="008">081027s1977    xxkrc|||||||||||||||||||c</controlfield>
  <datafield tag="035" ind1=" " ind2=" ">
    <subfield code="a">{64DC696B-CC9D-4903-97E7-001865FA3CE5}</subfield>
  </datafield>
  <datafield tag="100" ind1="1" ind2=" ">
    <subfield code="a">Cash, Johnny.</subfield>
  </datafield>
  <datafield tag="245" ind1="1" ind2="0">
    <subfield code="a">Oh, what a good thing we had /</subfield>
    <subfield code="c">words &amp; music by Johnny Cash &amp; June Carter.</subfield>
  </datafield>
  <datafield tag="700" ind1="1" ind2=" ">
    <subfield code="a">Carter, June.</subfield>
  </datafield>
  <datafield tag="773" ind1="0" ind2=" ">
    <subfield code="7">nncm</subfield>
    <subfield code="w">086001469X</subfield>
    <subfield code="a">Cash, Johnny</subfield>
    <subfield code="t">Johnny Cash : easy guitar : chord diagrams : eighteen songs</subfield>
    <subfield code="h">[Nuottijulkaisu]. -</subfield>
    <subfield code="d">London : Wise : Music Sales, 1977. -</subfield>
    <subfield code="z">086001469X. -</subfield>
    <subfield code="o">AM20280</subfield>
  </datafield>
</record>