
<record format="MARC21" type="Bibliographic">
  <leader>00000nam a22001814a 4500</leader>
  <controlfield tag="001">9783958580343</controlfield>
  <controlfield tag="003">KONVERSIO</controlfield>
  <controlfield tag="005">20180213134822.0</controlfield>
  <controlfield tag="008">151001s2015    xx |||||||||| |||| |fre|c</controlfield>
  <datafield tag="020" ind1=" " ind2=" ">
    <subfield code="a">978-3-95858-034-3</subfield>
    <subfield code="q">sid. :</subfield>
    <subfield code="c">14,37 EUR</subfield>
  </datafield>
  <datafield tag="024" ind1="3" ind2=" ">
    <subfield code="a">9783958580343</subfield>
  </datafield>
  <datafield tag="035" ind1=" " ind2=" ">
    <subfield code="a">{BC69C808-5500-4974-A718-00187E62E0CC}</subfield>
  </datafield>
  <datafield tag="041" ind1="0" ind2=" ">
    <subfield code="a">fre</subfield>
  </datafield>
  <datafield tag="100" ind1="1" ind2=" ">
    <subfield code="a">Ruffie Lacas, Beatrice.</subfield>
  </datafield>
  <datafield tag="245" ind1="1" ind2="0">
    <subfield code="a">Atchoum.</subfield>
  </datafield>
  <datafield tag="260" ind1=" " ind2=" ">
    <subfield code="b">Nats Edition,</subfield>
    <subfield code="c">2015.</subfield>
  </datafield>
  <datafield tag="300" ind1=" " ind2=" ">
    <subfield code="a">48 s.</subfield>
  </datafield>
  
</record>