
<record format="MARC21" type="Bibliographic">
  <leader>00000nim a22     4a 4500</leader>
  <controlfield tag="001">0BCB859F05374200BFE90018A433336B</controlfield>
  <controlfield tag="003">KONVERSIO</controlfield>
  <controlfield tag="005">20180213134822.0</controlfield>
  <controlfield tag="007">sd||||g|||m||d</controlfield>
  <controlfield tag="008">160421s2015    fi |||||||||||||||||fin|c</controlfield>
  <datafield tag="035" ind1=" " ind2=" ">
    <subfield code="a">{0BCB859F-0537-4200-BFE9-0018A433336B}</subfield>
  </datafield>
  <datafield tag="041" ind1="0" ind2=" ">
    <subfield code="d">fin</subfield>
  </datafield>
  <datafield tag="084" ind1=" " ind2=" ">
    <subfield code="a">86.2</subfield>
    <subfield code="2">ykl</subfield>
  </datafield>
  <datafield tag="100" ind1="1" ind2=" ">
    <subfield code="a">Ruuska, Helena.</subfield>
  </datafield>
  <datafield tag="245" ind1="1" ind2="0">
    <subfield code="a">Eeva Joenpelto :</subfield>
    <subfield code="b">elämän kirjailija</subfield>
    <subfield code="h">[Äänite].</subfield>
  </datafield>
  <datafield tag="300" ind1=" " ind2=" ">
    <subfield code="a">Cd-rom, Celian äänikirja.</subfield>
  </datafield>
  <datafield tag="500" ind1=" " ind2=" ">
    <subfield code="a">Lukemisesteisille.</subfield>
  </datafield>
</record>