
<record format="MARC21" type="Bibliographic">
  <leader>00000nca a2200097 a 4500</leader>
  <controlfield tag="001">A0254647</controlfield>
  <controlfield tag="003">KONVERSIO</controlfield>
  <controlfield tag="005">20180213134822.0</controlfield>
  <controlfield tag="007">qu</controlfield>
  <controlfield tag="008">960327s1993    fi ppz|||||||||||||||||| </controlfield>
  <datafield tag="035" ind1=" " ind2=" ">
    <subfield code="a">{D7708B8A-7BD6-4FDA-A48C-0018AD1FE8E1}</subfield>
  </datafield>
  <datafield tag="245" ind1="0" ind2="0">
    <subfield code="a">Wrap me up in my tarpaulin jacket.</subfield>
  </datafield>
  <datafield tag="773" ind1="0" ind2=" ">
    <subfield code="7">nncm</subfield>
    <subfield code="w">9517572662</subfield>
    <subfield code="t">Terveiset ulapalta : meren ja kesän lauluja</subfield>
    <subfield code="h">[Nuottijulkaisu]. -</subfield>
    <subfield code="d">Espoo : Fazer Music, 1993 (Jyväskylä : Gummerus). -</subfield>
    <subfield code="m">1 sävelmäkokoelma. -</subfield>
    <subfield code="z">951-757-266-2. -</subfield>
    <subfield code="o">F07611-7</subfield>
  </datafield>
</record>