
<record format="MARC21" type="Bibliographic">
  <leader>00000nam a2200217 a 4500</leader>
  <controlfield tag="001">9519773185</controlfield>
  <controlfield tag="003">KONVERSIO</controlfield>
  <controlfield tag="005">20180213134822.0</controlfield>
  <controlfield tag="008">050210s2005    fi ||||||dd   |||| |fin| </controlfield>
  <datafield tag="020" ind1=" " ind2=" ">
    <subfield code="a">951-97731-8-5</subfield>
    <subfield code="q">rengaskirja :</subfield>
    <subfield code="c">16,70 EUR</subfield>
  </datafield>
  <datafield tag="035" ind1=" " ind2=" ">
    <subfield code="a">{4F93C421-FB7E-4EDA-A437-0018E4593AED}</subfield>
  </datafield>
  <datafield tag="041" ind1="0" ind2=" ">
    <subfield code="a">fin</subfield>
    <subfield code="a">hun</subfield>
  </datafield>
  <datafield tag="084" ind1=" " ind2=" ">
    <subfield code="a">88.5107</subfield>
    <subfield code="2">ykl</subfield>
  </datafield>
  <datafield tag="100" ind1="1" ind2=" ">
    <subfield code="a">Markus, Kaija.</subfield>
  </datafield>
  <datafield tag="245" ind1="1" ind2="0">
    <subfield code="a">Unkaria helposti taskukoossa /</subfield>
    <subfield code="c">Kaija Markus, Ildikó Vecsernyés, Irene Wichmann.</subfield>
  </datafield>
  <datafield tag="260" ind1=" " ind2=" ">
    <subfield code="a">[Helsinki] :</subfield>
    <subfield code="b">Suomi-Unkari seura,</subfield>
    <subfield code="c">2005</subfield>
    <subfield code="f">(Yliopistopaino)</subfield>
  </datafield>
  <datafield tag="300" ind1=" " ind2=" ">
    <subfield code="a">111, [1] s. :</subfield>
    <subfield code="b">kartt. ;</subfield>
    <subfield code="c">15 cm.</subfield>
  </datafield>
  <datafield tag="650" ind1=" " ind2="7">
    <subfield code="a">sanakirjat</subfield>
    <subfield code="x">suomen kieli</subfield>
    <subfield code="x">unkarin kieli</subfield>
    <subfield code="2">ysa</subfield>
  </datafield>
  <datafield tag="650" ind1=" " ind2="7">
    <subfield code="a">sanakirjat</subfield>
    <subfield code="x">matkailu</subfield>
    <subfield code="x">unkarin kieli</subfield>
    <subfield code="2">ysa</subfield>
  </datafield>
  <datafield tag="700" ind1="1" ind2=" ">
    <subfield code="a">Vecsernyés, Ildikó.</subfield>
  </datafield>
  <datafield tag="700" ind1="1" ind2=" ">
    <subfield code="a">Wichmann, Irene.</subfield>
  </datafield>
  <datafield tag="710" ind1="2" ind2=" ">
    <subfield code="a">Suomi-Unkari seura.</subfield>
  </datafield>
</record>