
<record format="MARC21" type="Bibliographic">
  <leader>00000nja a22     4a 4500</leader>
  <controlfield tag="001">5BB695AD6E454333B94C0018EF666A6F</controlfield>
  <controlfield tag="003">KONVERSIO</controlfield>
  <controlfield tag="005">20180213134822.0</controlfield>
  <controlfield tag="007">sd||||g|||m||d</controlfield>
  <controlfield tag="008">070228 uuuu    xx |||||||||||||||||eng|c</controlfield>
  <datafield tag="035" ind1=" " ind2=" ">
    <subfield code="a">{5BB695AD-6E45-4333-B94C-0018EF666A6F}</subfield>
  </datafield>
  <datafield tag="041" ind1="0" ind2=" ">
    <subfield code="d">eng</subfield>
  </datafield>
  <datafield tag="100" ind1="1" ind2=" ">
    <subfield code="a">Anderson, Laurie,</subfield>
    <subfield code="e">säv.</subfield>
  </datafield>
  <datafield tag="245" ind1="1" ind2="0">
    <subfield code="a">Cunningham stories (Every morning...).</subfield>
  </datafield>
  <datafield tag="505" ind1="0" ind2=" ">
    <subfield code="a">puheääni ja musiikki.</subfield>
  </datafield>
  <datafield tag="700" ind1="1" ind2=" ">
    <subfield code="a">Anderson, Laurie,</subfield>
    <subfield code="e">esitt.</subfield>
  </datafield>
  <datafield tag="700" ind1="1" ind2=" ">
    <subfield code="a">Cage, John,</subfield>
    <subfield code="e">san.</subfield>
  </datafield>
  <datafield tag="773" ind1="0" ind2=" ">
    <subfield code="7">nnjm</subfield>
    <subfield code="w">FEE587BBA31800A307490030050E2A61</subfield>
    <subfield code="t">A chance operation : The John Cage tribute</subfield>
    <subfield code="h">[Äänite]. -</subfield>
    <subfield code="d">New York : KOCH International, p1993. -</subfield>
    <subfield code="m">2 CD-äänilevyä. -</subfield>
    <subfield code="o">3-7238-2</subfield>
  </datafield>
  <datafield tag="940" ind1="1" ind2=" ">
    <subfield code="a">Every morning Merce Cunningham does his joga...</subfield>
  </datafield>
</record>