
<record format="MARC21" type="Bibliographic">
  <leader>00000nja a2200097 a 4500</leader>
  <controlfield tag="001">A1841841</controlfield>
  <controlfield tag="003">KONVERSIO</controlfield>
  <controlfield tag="005">20180213134822.0</controlfield>
  <controlfield tag="007">sd||||g|||m||d</controlfield>
  <controlfield tag="008">120821s2007    xxkrc||||||||||||||||||| </controlfield>
  <datafield tag="035" ind1=" " ind2=" ">
    <subfield code="a">{BFD8FE35-A791-4150-8275-001917123C7F}</subfield>
  </datafield>
  <datafield tag="110" ind1="2" ind2=" ">
    <subfield code="a">Tayo Meets Acid Rockers Uptown,</subfield>
    <subfield code="e">esitt.</subfield>
  </datafield>
  <datafield tag="245" ind1="1" ind2="0">
    <subfield code="a">Dread cowboy.</subfield>
  </datafield>
  <datafield tag="773" ind1="0" ind2=" ">
    <subfield code="7">nnjm</subfield>
    <subfield code="w">A1818237</subfield>
    <subfield code="t">Box of dub : dubstep &amp; future dub</subfield>
    <subfield code="h">[Äänite]. -</subfield>
    <subfield code="d">London : Soul Jazz Records, p2007. -</subfield>
    <subfield code="m">1 CD-äänilevy. -</subfield>
    <subfield code="o">SJRCD161</subfield>
  </datafield>
</record>