
<record format="MARC21" type="Bibliographic">
  <leader>00000nja a22     4a 4500</leader>
  <controlfield tag="001">9201303392DF40DBA213001951D5E895</controlfield>
  <controlfield tag="003">KONVERSIO</controlfield>
  <controlfield tag="005">20180213134822.0</controlfield>
  <controlfield tag="007">sd||||g|||m||d</controlfield>
  <controlfield tag="008">090819s1999    fi ||||j||||||||||||fin|c</controlfield>
  <datafield tag="035" ind1=" " ind2=" ">
    <subfield code="a">{92013033-92DF-40DB-A213-001951D5E895}</subfield>
  </datafield>
  <datafield tag="041" ind1="0" ind2=" ">
    <subfield code="d">fin</subfield>
  </datafield>
  <datafield tag="084" ind1=" " ind2=" ">
    <subfield code="a">78.3112</subfield>
    <subfield code="2">ykl</subfield>
  </datafield>
  <datafield tag="245" ind1="0" ind2="0">
    <subfield code="a">Peppi Pitkätossu.</subfield>
  </datafield>
  <datafield tag="773" ind1="0" ind2=" ">
    <subfield code="7">nnjm</subfield>
    <subfield code="w">3F1648A2A31900A307490030050E2A61</subfield>
    <subfield code="a">Kumpunen School Band</subfield>
    <subfield code="t">The spring festival music 1999</subfield>
    <subfield code="h">[Äänite]. -</subfield>
    <subfield code="d">Siilinjärvi : Kumpusen ala-aste/Risto Kilpeläinen, 1999. -</subfield>
    <subfield code="m">1 CD-äänilevy. -</subfield>
    <subfield code="o">KUMAA1999</subfield>
  </datafield>
</record>