
<record format="MARC21" type="Bibliographic">
  <leader>00000nja a22     4a 4500</leader>
  <controlfield tag="001">BDCB9D9A6D3E4D779C4300197C655E6C</controlfield>
  <controlfield tag="003">KONVERSIO</controlfield>
  <controlfield tag="005">20180213134822.0</controlfield>
  <controlfield tag="007">sd||||g|||m||d</controlfield>
  <controlfield tag="008">050105 uuuu    xx |||||||||||||||||||||c</controlfield>
  <datafield tag="035" ind1=" " ind2=" ">
    <subfield code="a">{BDCB9D9A-6D3E-4D77-9C43-00197C655E6C}</subfield>
  </datafield>
  <datafield tag="245" ind1="0" ind2="0">
    <subfield code="a">(ihmiset) Puhuu ja kävelee.</subfield>
  </datafield>
  <datafield tag="773" ind1="0" ind2=" ">
    <subfield code="7">nnjm</subfield>
    <subfield code="w">84DDF227A31900A307490030050E2A61</subfield>
    <subfield code="a">Kapteeni Ä-ni</subfield>
    <subfield code="t">Parhaat</subfield>
    <subfield code="h">[Äänite]. -</subfield>
    <subfield code="d">S.l. : Wolfram Records, p2002. -</subfield>
    <subfield code="m">1 CD-äänilevy. -</subfield>
    <subfield code="o">WOLFSCD-005</subfield>
  </datafield>
  <datafield tag="940" ind1="1" ind2=" ">
    <subfield code="a">Ihmiset puhuu ja kävelee</subfield>
  </datafield>
</record>