
<record format="MARC21" type="Bibliographic">
  <leader>00000nam a2200337 a 4500</leader>
  <controlfield tag="001">9789511259701</controlfield>
  <controlfield tag="003">KONVERSIO</controlfield>
  <controlfield tag="005">20180213134822.0</controlfield>
  <controlfield tag="008">120424s2012    fi |||||||||| ||||f|fin| </controlfield>
  <datafield tag="020" ind1=" " ind2=" ">
    <subfield code="a">978-951-1-25970-1</subfield>
    <subfield code="q">sid.</subfield>
  </datafield>
  <datafield tag="035" ind1=" " ind2=" ">
    <subfield code="a">{C8D02647-FEBD-4049-9A55-0019919E5AC9}</subfield>
  </datafield>
  <datafield tag="041" ind1="0" ind2=" ">
    <subfield code="a">fin</subfield>
  </datafield>
  <datafield tag="084" ind1=" " ind2=" ">
    <subfield code="a">84.2</subfield>
    <subfield code="2">ykl</subfield>
  </datafield>
  <datafield tag="100" ind1="1" ind2=" ">
    <subfield code="a">Köngäs, Heidi.</subfield>
  </datafield>
  <datafield tag="245" ind1="1" ind2="0">
    <subfield code="a">Dora, Dora /</subfield>
    <subfield code="c">Heidi Köngäs.</subfield>
  </datafield>
  <datafield tag="260" ind1=" " ind2=" ">
    <subfield code="a">Helsingissä :</subfield>
    <subfield code="b">Otava,</subfield>
    <subfield code="c">2012</subfield>
    <subfield code="e">(Keuruu :</subfield>
    <subfield code="f">Otavan Kirjapaino)</subfield>
  </datafield>
  <datafield tag="300" ind1=" " ind2=" ">
    <subfield code="a">333 s. ;</subfield>
    <subfield code="c">21 cm.</subfield>
  </datafield>
  <datafield tag="600" ind1="1" ind2="4">
    <subfield code="a">Speer, Albert,</subfield>
    <subfield code="c">fikt.</subfield>
  </datafield>
  <datafield tag="600" ind1="1" ind2="4">
    <subfield code="a">Kempf, Annemarie,</subfield>
    <subfield code="c">fikt.</subfield>
  </datafield>
  <datafield tag="600" ind1="1" ind2="4">
    <subfield code="a">Kallankari, Eero,</subfield>
    <subfield code="c">fikt.</subfield>
  </datafield>
  <datafield tag="650" ind1=" " ind2="7">
    <subfield code="a">psykologiset romaanit</subfield>
    <subfield code="2">kaunokki</subfield>
  </datafield>
  <datafield tag="650" ind1=" " ind2="7">
    <subfield code="a">sotakirjallisuus</subfield>
    <subfield code="2">kaunokki</subfield>
  </datafield>
  <datafield tag="650" ind1=" " ind2="7">
    <subfield code="a">matkat</subfield>
    <subfield code="z">Lappi</subfield>
    <subfield code="y">1943</subfield>
    <subfield code="2">kaunokki</subfield>
  </datafield>
  <datafield tag="650" ind1=" " ind2="7">
    <subfield code="a">työleirit</subfield>
    <subfield code="x">sotateollisuus</subfield>
    <subfield code="x">saksalaiset</subfield>
    <subfield code="2">kaunokki</subfield>
  </datafield>
  <datafield tag="650" ind1=" " ind2="7">
    <subfield code="a">sota</subfield>
    <subfield code="x">häviäminen</subfield>
    <subfield code="x">enteet</subfield>
    <subfield code="2">kaunokki</subfield>
  </datafield>
  <datafield tag="650" ind1=" " ind2="7">
    <subfield code="a">epäsuosio</subfield>
    <subfield code="x">varusteluministerit</subfield>
    <subfield code="x">kolmas valtakunta</subfield>
    <subfield code="2">kaunokki</subfield>
  </datafield>
  <datafield tag="650" ind1=" " ind2="7">
    <subfield code="a">ikävä</subfield>
    <subfield code="x">kaukorakkaus</subfield>
    <subfield code="2">kaunokki</subfield>
  </datafield>
  <datafield tag="650" ind1=" " ind2="7">
    <subfield code="a">seksuaalinen hyväksikäyttö</subfield>
    <subfield code="x">nöyryytys</subfield>
    <subfield code="2">kaunokki</subfield>
  </datafield>
  <datafield tag="650" ind1=" " ind2="7">
    <subfield code="a">homoerotiikka</subfield>
    <subfield code="2">kaunokki</subfield>
  </datafield>
  <datafield tag="650" ind1=" " ind2="7">
    <subfield code="a">vallankäyttö</subfield>
    <subfield code="2">kaunokki</subfield>
  </datafield>
  <datafield tag="650" ind1=" " ind2="7">
    <subfield code="a">natsit</subfield>
    <subfield code="x">ministerit</subfield>
    <subfield code="2">kaunokki</subfield>
  </datafield>
  <datafield tag="650" ind1=" " ind2="7">
    <subfield code="a">toinen maailmansota</subfield>
    <subfield code="z">Lappi</subfield>
    <subfield code="2">kaunokki</subfield>
  </datafield>
  

  
</record>