
<record format="MARC21" type="Bibliographic">
  <leader>00000nam a22001814a 4500</leader>
  <controlfield tag="001">9783791372464</controlfield>
  <controlfield tag="003">KONVERSIO</controlfield>
  <controlfield tag="005">20180213134822.0</controlfield>
  <controlfield tag="008">160421s2016    xx |||||||||| |||| |eng|c</controlfield>
  <datafield tag="020" ind1=" " ind2=" ">
    <subfield code="a">978-3-7913-7246-4</subfield>
    <subfield code="q">sid. :</subfield>
    <subfield code="c">15,08 EUR</subfield>
  </datafield>
  <datafield tag="024" ind1="3" ind2=" ">
    <subfield code="a">9783791372464</subfield>
  </datafield>
  <datafield tag="035" ind1=" " ind2=" ">
    <subfield code="a">{C1996751-B533-4A48-AC60-001ABA5B9E7F}</subfield>
  </datafield>
  <datafield tag="041" ind1="0" ind2=" ">
    <subfield code="a">eng</subfield>
  </datafield>
  <datafield tag="100" ind1="1" ind2=" ">
    <subfield code="a">Teckentrup, Britta.</subfield>
  </datafield>
  <datafield tag="245" ind1="1" ind2="0">
    <subfield code="a">Before I Wake Up...</subfield>
  </datafield>
  <datafield tag="260" ind1=" " ind2=" ">
    <subfield code="b">PRESTEL,</subfield>
    <subfield code="c">2016.</subfield>
  </datafield>
  <datafield tag="300" ind1=" " ind2=" ">
    <subfield code="a">56 s. ;</subfield>
    <subfield code="c">korkeus 240 mm, leveys 240 mm, paksuus 10 mm.</subfield>
  </datafield>
  
</record>