
<record format="MARC21" type="Bibliographic">
  <leader>00000ngm a2200277 a 4500</leader>
  <controlfield tag="001">A1242628</controlfield>
  <controlfield tag="003">KONVERSIO</controlfield>
  <controlfield tag="005">20180213134822.0</controlfield>
  <controlfield tag="007">vd|bv||||</controlfield>
  <controlfield tag="008">071123s2007    fi ||||| |||||||||z|fin| </controlfield>
  <datafield tag="024" ind1="3" ind2=" ">
    <subfield code="a">6415018623839</subfield>
  </datafield>
  <datafield tag="028" ind1="4" ind2="1">
    <subfield code="b">Finnkino [jakaja]</subfield>
    <subfield code="a">862383</subfield>
  </datafield>
  <datafield tag="035" ind1=" " ind2=" ">
    <subfield code="a">{C9EE11EF-0820-41F2-B5DE-001B71E47D44}</subfield>
  </datafield>
  <datafield tag="041" ind1="0" ind2=" ">
    <subfield code="a">fin</subfield>
    <subfield code="j">swe</subfield>
  </datafield>
  <datafield tag="049" ind1=" " ind2=" ">
    <subfield code="c">S ;</subfield>
    <subfield code="d">A-51075</subfield>
  </datafield>
  <datafield tag="084" ind1=" " ind2=" ">
    <subfield code="a">39.09</subfield>
    <subfield code="2">ykl</subfield>
  </datafield>
  <datafield tag="084" ind1=" " ind2=" ">
    <subfield code="a">92.73</subfield>
    <subfield code="2">ykl</subfield>
  </datafield>
  <datafield tag="245" ind1="0" ind2="0">
    <subfield code="a">Talvisodan katsaukset</subfield>
    <subfield code="h">[Videotallenne].</subfield>
  </datafield>
  <datafield tag="260" ind1=" " ind2=" ">
    <subfield code="a">Vantaa :</subfield>
    <subfield code="b">Finnkino [jakaja],</subfield>
    <subfield code="c">[2007]</subfield>
  </datafield>
  <datafield tag="300" ind1=" " ind2=" ">
    <subfield code="a">2 DVD-videolevyä (347 min) :</subfield>
    <subfield code="b">mv.</subfield>
  </datafield>
  <datafield tag="490" ind1="1" ind2=" ">
    <subfield code="a">Sodan uutisfilmit</subfield>
  </datafield>
  <datafield tag="500" ind1=" " ind2=" ">
    <subfield code="a">2 dvd-levyä.</subfield>
  </datafield>
  <datafield tag="505" ind1="0" ind2=" ">
    <subfield code="a">Sisältää Puolustusvoimien uutiskatsaukset ja Suomi-Filmin uutiskuvia talvis.</subfield>
  </datafield>
  <datafield tag="534" ind1=" " ind2=" ">
    <subfield code="p">Alkuperäinen:</subfield>
    <subfield code="c">Suomen Elokuva-arkisto, 2007.</subfield>
  </datafield>
  <datafield tag="583" ind1=" " ind2=" ">
    <subfield code="a">2 dvd.</subfield>
  </datafield>
  <datafield tag="650" ind1=" " ind2="7">
    <subfield code="a">dokumenttielokuvat</subfield>
    <subfield code="z">Suomi</subfield>
    <subfield code="2">ysa</subfield>
  </datafield>
  <datafield tag="650" ind1=" " ind2="7">
    <subfield code="a">talvisota</subfield>
    <subfield code="x">tiedotus</subfield>
    <subfield code="2">ysa</subfield>
  </datafield>
  <datafield tag="650" ind1=" " ind2="7">
    <subfield code="a">uutiset</subfield>
    <subfield code="x">talvisota</subfield>
    <subfield code="2">ysa</subfield>
  </datafield>
  <datafield tag="650" ind1=" " ind2="7">
    <subfield code="a">uutisvälitys</subfield>
    <subfield code="z">Suomi</subfield>
    <subfield code="y">1939-1940</subfield>
    <subfield code="2">ysa</subfield>
  </datafield>
  <datafield tag="650" ind1=" " ind2="7">
    <subfield code="a">propaganda</subfield>
    <subfield code="x">elokuvat</subfield>
    <subfield code="2">ysa</subfield>
  </datafield>
  <datafield tag="650" ind1=" " ind2="7">
    <subfield code="a">puolustusvoimat</subfield>
    <subfield code="x">elokuvat</subfield>
    <subfield code="2">ysa</subfield>
  </datafield>
  <datafield tag="830" ind1=" " ind2="0">
    <subfield code="a">Sodan uutisfilmit.</subfield>
  </datafield>
  
  
</record>