
<record format="MARC21" type="Bibliographic">
  <leader>00000nas a22     4a 4500</leader>
  <controlfield tag="001">337564A22EAE46FDBDA7001BBA21BC1D</controlfield>
  <controlfield tag="003">KONVERSIO</controlfield>
  <controlfield tag="005">20180213134822.0</controlfield>
  <controlfield tag="007">tu</controlfield>
  <controlfield tag="008">151111c20169999fi |||p| |||| |||||0fin|c</controlfield>
  <datafield tag="035" ind1=" " ind2=" ">
    <subfield code="a">{337564A2-2EAE-46FD-BDA7-001BBA21BC1D}</subfield>
  </datafield>
  <datafield tag="041" ind1="0" ind2=" ">
    <subfield code="a">fin</subfield>
  </datafield>
  <datafield tag="084" ind1=" " ind2=" ">
    <subfield code="a">05</subfield>
    <subfield code="2">ykl</subfield>
  </datafield>
  <datafield tag="245" ind1="0" ind2="0">
    <subfield code="a">Apu 2016.</subfield>
    <subfield code="n">50</subfield>
    <subfield code="h">[Kausijulkaisu].</subfield>
  </datafield>
  <datafield tag="260" ind1=" " ind2=" ">
    <subfield code="c">2016.</subfield>
  </datafield>
  <datafield tag="300" ind1=" " ind2=" ">
    <subfield code="a">Lehden irtonumero.</subfield>
  </datafield>
</record>