
<record format="MARC21" type="Bibliographic">
  <leader>00000nja a2200085 a 4500</leader>
  <controlfield tag="001">A1449741</controlfield>
  <controlfield tag="003">KONVERSIO</controlfield>
  <controlfield tag="005">20180213134822.0</controlfield>
  <controlfield tag="007">sd||||g|||m||d</controlfield>
  <controlfield tag="008">091110s2009    fi pp||||||||||||||||||| </controlfield>
  <datafield tag="035" ind1=" " ind2=" ">
    <subfield code="a">{D97D270E-7F74-4A04-866E-001BC9CEFC29}</subfield>
  </datafield>
  <datafield tag="245" ind1="0" ind2="0">
    <subfield code="a">Juhannus.</subfield>
  </datafield>
  <datafield tag="773" ind1="0" ind2=" ">
    <subfield code="7">nnjm</subfield>
    <subfield code="w">A1433405</subfield>
    <subfield code="a">Torkkeli, Timo</subfield>
    <subfield code="t">Vaippakuningas : lasten humppalevy : vauvasta vaariin</subfield>
    <subfield code="h">[Äänite]. -</subfield>
    <subfield code="d">[S.l.] : Tuotantotalo Maria, p2009. -</subfield>
    <subfield code="m">1 CD-äänilevy. -</subfield>
    <subfield code="o">THKCD2009</subfield>
  </datafield>
</record>