
<record format="MARC21" type="Bibliographic">
  <leader>00000nja a2200097 a 4500</leader>
  <controlfield tag="001">A1611728</controlfield>
  <controlfield tag="003">KONVERSIO</controlfield>
  <controlfield tag="005">20180213134822.0</controlfield>
  <controlfield tag="007">sd||||g|||m||d</controlfield>
  <controlfield tag="008">110526s2010    ru pp|||||||||||||||rus| </controlfield>
  <datafield tag="035" ind1=" " ind2=" ">
    <subfield code="a">{034110DA-7451-4BC1-B3D0-001BFAB7AF50}</subfield>
  </datafield>
  <datafield tag="041" ind1="0" ind2=" ">
    <subfield code="d">rus</subfield>
  </datafield>
  <datafield tag="245" ind1="0" ind2="0">
    <subfield code="a">Vanetaka.</subfield>
  </datafield>
  <datafield tag="773" ind1="0" ind2=" ">
    <subfield code="7">nnjm</subfield>
    <subfield code="w">A1595985</subfield>
    <subfield code="a">Vajenga, Jelena</subfield>
    <subfield code="t">Jelena Vajenga</subfield>
    <subfield code="h">[Äänite]. -</subfield>
    <subfield code="d">[S.l.] : Melodija, p2010. -</subfield>
    <subfield code="m">1 CD-äänilevy. -</subfield>
    <subfield code="k">Grand collection. -</subfield>
    <subfield code="o">GCR300</subfield>
  </datafield>
</record>