
<record format="MARC21" type="Bibliographic">
  <leader>00000nja a2200085 a 4500</leader>
  <controlfield tag="001">CE869E5CAF324D9DB56D001C3098147F</controlfield>
  <controlfield tag="003">KONVERSIO</controlfield>
  <controlfield tag="005">20180213134822.0</controlfield>
  <controlfield tag="007">sd||||g|||m||d</controlfield>
  <controlfield tag="008">101018s2010    fi rc||||||||||||||||||| </controlfield>
  <datafield tag="035" ind1=" " ind2=" ">
    <subfield code="a">{CE869E5C-AF32-4D9D-B56D-001C3098147F}</subfield>
  </datafield>
  <datafield tag="245" ind1="0" ind2="0">
    <subfield code="a">Journeyman.</subfield>
  </datafield>
  <datafield tag="773" ind1="0" ind2=" ">
    <subfield code="7">nnjm</subfield>
    <subfield code="w">48C6040FF1C74433899620C0F79C31B6</subfield>
    <subfield code="a">Blackmore&apos;s Night</subfield>
    <subfield code="t">Autumn sky</subfield>
    <subfield code="h">[Äänite]. -</subfield>
    <subfield code="d">[s.l.] : Spinefarm Records, p2010. -</subfield>
    <subfield code="m">1 CD-äänilevy. -</subfield>
    <subfield code="o">SPI373CD</subfield>
  </datafield>
</record>