
<record format="MARC21" type="Bibliographic">
  <leader>00000ncm a22     4a 4500</leader>
  <controlfield tag="001">3E0D2F1C86BD4746847E001C65D6B416</controlfield>
  <controlfield tag="003">KONVERSIO</controlfield>
  <controlfield tag="005">20180213134822.0</controlfield>
  <controlfield tag="007">qu</controlfield>
  <controlfield tag="008">110223s2010    fi |||||||||||||||||||||c</controlfield>
  <datafield tag="035" ind1=" " ind2=" ">
    <subfield code="a">{3E0D2F1C-86BD-4746-847E-001C65D6B416}</subfield>
  </datafield>
  <datafield tag="245" ind1="0" ind2="0">
    <subfield code="a">Kevätsää.</subfield>
  </datafield>
  <datafield tag="773" ind1="0" ind2=" ">
    <subfield code="7">nnam</subfield>
    <subfield code="w">A8051D59372D44A0B6F0605C0BA9232D</subfield>
    <subfield code="t">Musiikkia liikkuen. -</subfield>
    <subfield code="d">Helsinki : WSOYpro, 2010. -</subfield>
    <subfield code="k">Musiikkiliikunnan käsikirja ; 1. -</subfield>
    <subfield code="z">749ML</subfield>
  </datafield>
</record>