
<record format="MARC21" type="Bibliographic">
  <leader>00000nja a2200085 a 4500</leader>
  <controlfield tag="001">A1409308</controlfield>
  <controlfield tag="003">KONVERSIO</controlfield>
  <controlfield tag="005">20180213134822.0</controlfield>
  <controlfield tag="007">sd||||g|||m||d</controlfield>
  <controlfield tag="008">090608s2009    fi rc||||||||||||||||||| </controlfield>
  <datafield tag="035" ind1=" " ind2=" ">
    <subfield code="a">{C48E286C-F4DF-47CA-907D-001C69CA82FA}</subfield>
  </datafield>
  <datafield tag="245" ind1="0" ind2="0">
    <subfield code="a">Night.</subfield>
  </datafield>
  <datafield tag="773" ind1="0" ind2=" ">
    <subfield code="7">nnjm</subfield>
    <subfield code="w">A1377505</subfield>
    <subfield code="a">Rave On</subfield>
    <subfield code="t">Blue side of rock n&apos; roll</subfield>
    <subfield code="h">[Äänite]. -</subfield>
    <subfield code="d">[S.l.] : Jupiter Stroll Records, p2009. -</subfield>
    <subfield code="m">1 CD-äänilevy. -</subfield>
    <subfield code="o">JupiterCD005</subfield>
  </datafield>
</record>