
<record format="MARC21" type="Bibliographic">
  <leader>00000nca a2200109 a 4500</leader>
  <controlfield tag="001">A1445041</controlfield>
  <controlfield tag="003">KONVERSIO</controlfield>
  <controlfield tag="005">20180213134822.0</controlfield>
  <controlfield tag="007">qu</controlfield>
  <controlfield tag="008">091027s2009    gw ||z|||||||||||||||||| </controlfield>
  <datafield tag="035" ind1=" " ind2=" ">
    <subfield code="a">{49431C8C-EA86-421C-88F3-001CD1F829F6}</subfield>
  </datafield>
  <datafield tag="084" ind1=" " ind2=" ">
    <subfield code="a">78.61</subfield>
    <subfield code="2">ykl</subfield>
  </datafield>
  <datafield tag="100" ind1="1" ind2=" ">
    <subfield code="a">Szelényi, István,</subfield>
    <subfield code="e">säv.</subfield>
  </datafield>
  <datafield tag="245" ind1="1" ind2="0">
    <subfield code="a">Juchee-juchee.</subfield>
  </datafield>
  <datafield tag="773" ind1="0" ind2=" ">
    <subfield code="7">nncm</subfield>
    <subfield code="w">9783795758752</subfield>
    <subfield code="t">Bilderklavier</subfield>
    <subfield code="h">[Nuottijulkaisu]. -</subfield>
    <subfield code="d">Mainz : Schott. -</subfield>
    <subfield code="m">1 soolonuotti. -</subfield>
    <subfield code="z">978-3-7957-5875-2. -</subfield>
    <subfield code="o">979-0-001-15054-5. -</subfield>
    <subfield code="o">ED20323. -</subfield>
    <subfield code="g">3</subfield>
  </datafield>
</record>