
<record format="MARC21" type="Bibliographic">
  <leader>00000nja a2200085 a 4500</leader>
  <controlfield tag="001">A1337789</controlfield>
  <controlfield tag="003">KONVERSIO</controlfield>
  <controlfield tag="005">20180213134822.0</controlfield>
  <controlfield tag="007">sd||||g|||m||d</controlfield>
  <controlfield tag="008">080930s2008    fi gm||||||||||||||||||| </controlfield>
  <datafield tag="035" ind1=" " ind2=" ">
    <subfield code="a">{6DD517EF-2F60-491B-BED0-001D6D451CBE}</subfield>
  </datafield>
  <datafield tag="245" ind1="0" ind2="0">
    <subfield code="a">Pyhäkoulu.</subfield>
  </datafield>
  <datafield tag="773" ind1="0" ind2=" ">
    <subfield code="7">nnjm</subfield>
    <subfield code="w">A1333219</subfield>
    <subfield code="a">Suoralähetys</subfield>
    <subfield code="t">Jatkuu</subfield>
    <subfield code="h">[Äänite]. -</subfield>
    <subfield code="d">[S.l.] : PRISMA-musiikki : Aika, p2008. -</subfield>
    <subfield code="m">1 CD-äänilevy. -</subfield>
    <subfield code="o">ACD1305</subfield>
  </datafield>
</record>