
<record format="MARC21" type="Bibliographic">
  <leader>00000nas a22     4a 4500</leader>
  <controlfield tag="001">BD35501758B74512A3EB001D77077EEF</controlfield>
  <controlfield tag="003">KONVERSIO</controlfield>
  <controlfield tag="005">20180213134822.0</controlfield>
  <controlfield tag="007">tu</controlfield>
  <controlfield tag="008">141121c20159999fi |||p| |||| |||||0fin|c</controlfield>
  <datafield tag="035" ind1=" " ind2=" ">
    <subfield code="a">{BD355017-58B7-4512-A3EB-001D77077EEF}</subfield>
  </datafield>
  <datafield tag="041" ind1="0" ind2=" ">
    <subfield code="a">fin</subfield>
  </datafield>
  <datafield tag="084" ind1=" " ind2=" ">
    <subfield code="a">62</subfield>
    <subfield code="2">ykl</subfield>
  </datafield>
  <datafield tag="245" ind1="0" ind2="0">
    <subfield code="a">Pienoismalli 2015.</subfield>
    <subfield code="n">5</subfield>
    <subfield code="h">[Kausijulkaisu].</subfield>
  </datafield>
  <datafield tag="260" ind1=" " ind2=" ">
    <subfield code="c">2015.</subfield>
  </datafield>
  <datafield tag="300" ind1=" " ind2=" ">
    <subfield code="a">Lehden irtonumero.</subfield>
  </datafield>
</record>