
<record format="MARC21" type="Bibliographic">
  <leader>00000cam a2200325 a 4500</leader>
  <controlfield tag="001">9516562264</controlfield>
  <controlfield tag="003">KONVERSIO</controlfield>
  <controlfield tag="005">20180213134822.0</controlfield>
  <controlfield tag="008">061005s2006    fi |||||||||| |||| |fin| </controlfield>
  <datafield tag="020" ind1=" " ind2=" ">
    <subfield code="a">951-656-226-4</subfield>
    <subfield code="q">sid.</subfield>
  </datafield>
  <datafield tag="020" ind1=" " ind2=" ">
    <subfield code="a">978-951-656-226-4</subfield>
    <subfield code="q">sid.</subfield>
  </datafield>
  <datafield tag="035" ind1=" " ind2=" ">
    <subfield code="a">{5E375D4B-1DC5-43A0-A76F-001DF16E0865}</subfield>
  </datafield>
  <datafield tag="041" ind1="0" ind2=" ">
    <subfield code="a">fin</subfield>
  </datafield>
  <datafield tag="084" ind1=" " ind2=" ">
    <subfield code="a">59.533</subfield>
    <subfield code="2">ykl</subfield>
  </datafield>
  <datafield tag="084" ind1=" " ind2=" ">
    <subfield code="a">59.34</subfield>
    <subfield code="2">ykl</subfield>
  </datafield>
  <datafield tag="245" ind1="0" ind2="0">
    <subfield code="a">Keliakia /</subfield>
    <subfield code="c">Markku Mäki ... [et al.] [(toim.) ; [kirjoittajat: Senja Arffman ... et al.] ; [piirroskuvat: Ulla Winter].</subfield>
  </datafield>
  <datafield tag="260" ind1=" " ind2=" ">
    <subfield code="a">Helsinki :</subfield>
    <subfield code="b">Duodecim :</subfield>
    <subfield code="b">Keliakialiitto,</subfield>
    <subfield code="c">2006</subfield>
    <subfield code="e">(Jyväskylä :</subfield>
    <subfield code="f">Gummerus Kirjapaino)</subfield>
  </datafield>
  <datafield tag="300" ind1=" " ind2=" ">
    <subfield code="a">192 s. :</subfield>
    <subfield code="b">kuv. ;</subfield>
    <subfield code="c">26 cm.</subfield>
  </datafield>
  <datafield tag="500" ind1=" " ind2=" ">
    <subfield code="a">12 s. ilmoituksia.</subfield>
  </datafield>
  <datafield tag="500" ind1=" " ind2=" ">
    <subfield code="a">Lisäpainokset: 2. p. 2007.</subfield>
  </datafield>
  <datafield tag="650" ind1=" " ind2="7">
    <subfield code="a">keliakia</subfield>
    <subfield code="2">ysa</subfield>
  </datafield>
  <datafield tag="650" ind1=" " ind2="7">
    <subfield code="a">gluteeniton ruokavalio</subfield>
    <subfield code="2">ysa</subfield>
  </datafield>
  <datafield tag="650" ind1=" " ind2="7">
    <subfield code="a">ruokavaliot</subfield>
    <subfield code="2">ysa</subfield>
  </datafield>
  <datafield tag="650" ind1=" " ind2="7">
    <subfield code="a">erikoisruokavaliot</subfield>
    <subfield code="2">ysa</subfield>
  </datafield>
  <datafield tag="650" ind1=" " ind2="7">
    <subfield code="a">gluteenit</subfield>
    <subfield code="2">ysa</subfield>
  </datafield>
  <datafield tag="700" ind1="1" ind2=" ">
    <subfield code="a">Mäki, Markku.</subfield>
  </datafield>
  <datafield tag="700" ind1="1" ind2=" ">
    <subfield code="a">Arffman, Senja.</subfield>
  </datafield>
  <datafield tag="710" ind1="2" ind2=" ">
    <subfield code="a">Suomen keliakialiitto.</subfield>
  </datafield>
  
  
  <datafield tag="910" ind1="2" ind2=" ">
    <subfield code="a">Keliakialiitto</subfield>
    <subfield code="y">Suomen keliakialiitto</subfield>
  </datafield>
  
</record>