
<record format="MARC21" type="Bibliographic">
  <leader>00000nja a2200109 a 4500</leader>
  <controlfield tag="001">A0383565</controlfield>
  <controlfield tag="003">KONVERSIO</controlfield>
  <controlfield tag="005">20180213134822.0</controlfield>
  <controlfield tag="007">sd||||g|||m||d</controlfield>
  <controlfield tag="008">980611s1998    fi rc||||||||||||||||||| </controlfield>
  <datafield tag="033" ind1="0" ind2=" ">
    <subfield code="a">1969----</subfield>
  </datafield>
  <datafield tag="035" ind1=" " ind2=" ">
    <subfield code="a">{CB2F2CF4-1127-40EC-89F3-001E4C56CE6E}</subfield>
  </datafield>
  <datafield tag="110" ind1="2" ind2=" ">
    <subfield code="a">Porkkanas Unlimited,</subfield>
    <subfield code="e">esitt.</subfield>
  </datafield>
  <datafield tag="245" ind1="1" ind2="0">
    <subfield code="a">Come on (Let the good times roll).</subfield>
  </datafield>
  <datafield tag="773" ind1="0" ind2=" ">
    <subfield code="7">nnjm</subfield>
    <subfield code="w">4EB45961A31900A307490030050E2A61</subfield>
    <subfield code="t">Jee jee jee : suomi-rockin arkistoaarteita</subfield>
    <subfield code="h">[Äänite]. -</subfield>
    <subfield code="d">[Helsinki] : Siboney, p1998. -</subfield>
    <subfield code="m">1 CD-äänilevy. -</subfield>
    <subfield code="o">SIBCD10</subfield>
  </datafield>
</record>