
<record format="MARC21" type="Bibliographic">
  <leader>00000noa a22     4a 4500</leader>
  <controlfield tag="001">55981F9E726A40CFA301001E5A9A2BFC</controlfield>
  <controlfield tag="003">KONVERSIO</controlfield>
  <controlfield tag="005">20180213134822.0</controlfield>
  <controlfield tag="007">ou</controlfield>
  <controlfield tag="008">050419 uuuu    xx |||||||||||||||b|zxx|c</controlfield>
  <datafield tag="035" ind1=" " ind2=" ">
    <subfield code="a">{55981F9E-726A-40CF-A301-001E5A9A2BFC}</subfield>
  </datafield>
  <datafield tag="041" ind1="0" ind2=" ">
    <subfield code="a">zxx</subfield>
  </datafield>
  <datafield tag="100" ind1="1" ind2=" ">
    <subfield code="a">Mendelssohn-Bartholdy, Felix,</subfield>
    <subfield code="e">säv.</subfield>
  </datafield>
  <datafield tag="245" ind1="1" ind2="0">
    <subfield code="a">Häämarssi</subfield>
    <subfield code="h">[Nuottijulkaisu] :</subfield>
    <subfield code="b">(näytelmästä Kesäyön unelma).</subfield>
  </datafield>
  <datafield tag="773" ind1="0" ind2=" ">
    <subfield code="7">nnmm</subfield>
    <subfield code="w">9AFF7040221F4705B6BAD624E0947CDE</subfield>
    <subfield code="a">Juutilainen, Esa-Markku</subfield>
    <subfield code="t">Intro</subfield>
    <subfield code="h">[Moniviestin]. -</subfield>
    <subfield code="d">S.l. : WSOY, 2003. -</subfield>
    <subfield code="m">1 kirja + 2 CD-äänilevyä. -</subfield>
    <subfield code="z">749I</subfield>
  </datafield>
</record>