
<record format="MARC21" type="Bibliographic">
  <leader>00000nam a22001814a 4500</leader>
  <controlfield tag="001">9781780743653</controlfield>
  <controlfield tag="003">KONVERSIO</controlfield>
  <controlfield tag="005">20180213134822.0</controlfield>
  <controlfield tag="008">131127s2014    xx |||||||||| |||| |eng|c</controlfield>
  <datafield tag="020" ind1=" " ind2=" ">
    <subfield code="a">978-1-78074-365-3</subfield>
    <subfield code="q">sid. :</subfield>
    <subfield code="c">25,99 EUR</subfield>
  </datafield>
  <datafield tag="024" ind1="3" ind2=" ">
    <subfield code="a">9781780743653</subfield>
  </datafield>
  <datafield tag="035" ind1=" " ind2=" ">
    <subfield code="a">{4EC9B6C5-36F1-4213-831C-001F098FA38C}</subfield>
  </datafield>
  <datafield tag="041" ind1="0" ind2=" ">
    <subfield code="a">eng</subfield>
  </datafield>
  <datafield tag="100" ind1="1" ind2=" ">
    <subfield code="a">Bordo, Susan.</subfield>
  </datafield>
  <datafield tag="245" ind1="1" ind2="4">
    <subfield code="a">The Creation of Anne Boleyn :</subfield>
    <subfield code="b">In Search of the Tudors&apos; Most Notorious Queen.</subfield>
  </datafield>
  <datafield tag="260" ind1=" " ind2=" ">
    <subfield code="b">Oneworld Publications,</subfield>
    <subfield code="c">2014.</subfield>
  </datafield>
  <datafield tag="500" ind1=" " ind2=" ">
    <subfield code="a">EI VIELÄ ILMESTYNYT, arvioitu ilmestymisaika 02.01.2014.</subfield>
  </datafield>
</record>