
<record format="MARC21" type="Bibliographic">
  <leader>00000cam a22002177a 4500</leader>
  <controlfield tag="001">1103875</controlfield>
  <controlfield tag="003">KONVERSIO</controlfield>
  <controlfield tag="005">20180213134822.0</controlfield>
  <controlfield tag="008">060620s2006    fi |||||||||| |||| |fin|c</controlfield>
  <datafield tag="020" ind1=" " ind2=" ">
    <subfield code="a">978-951-9107-73-8</subfield>
    <subfield code="q">nid.</subfield>
  </datafield>
  <datafield tag="020" ind1=" " ind2=" ">
    <subfield code="a">951-9107-73-8</subfield>
    <subfield code="q">nid.</subfield>
  </datafield>
  <datafield tag="035" ind1=" " ind2=" ">
    <subfield code="a">{D8C8976B-4BFD-43C9-8D13-001F1877E024}</subfield>
  </datafield>
  <datafield tag="041" ind1="1" ind2=" ">
    <subfield code="a">fin</subfield>
  </datafield>
  <datafield tag="084" ind1=" " ind2=" ">
    <subfield code="a">59.43</subfield>
    <subfield code="2">ykl</subfield>
  </datafield>
  <datafield tag="084" ind1=" " ind2=" ">
    <subfield code="a">67.35</subfield>
    <subfield code="2">ykl</subfield>
  </datafield>
  <datafield tag="100" ind1="1" ind2=" ">
    <subfield code="a">Myskja, Audun.</subfield>
  </datafield>
  <datafield tag="245" ind1="1" ind2="0">
    <subfield code="a">Aloe vera :</subfield>
    <subfield code="b">luonnon aarreaitta.</subfield>
  </datafield>
  <datafield tag="250" ind1=" " ind2=" ">
    <subfield code="a">2. uud. laitos</subfield>
  </datafield>
  <datafield tag="260" ind1=" " ind2=" ">
    <subfield code="b">Bazar,</subfield>
    <subfield code="c">2006.</subfield>
  </datafield>
  <datafield tag="300" ind1=" " ind2=" ">
    <subfield code="a">154 s. :</subfield>
    <subfield code="b">kuv. ;</subfield>
    <subfield code="c">20 cm.</subfield>
  </datafield>
  <datafield tag="700" ind1="1" ind2=" ">
    <subfield code="a">Hovila, Marjaleena.</subfield>
  </datafield>
  <datafield tag="700" ind1="1" ind2=" ">
    <subfield code="a">Kiuru, Veijo.</subfield>
  </datafield>
  
  
</record>