
<record format="MARC21" type="Bibliographic">
  <leader>00000nja a2200109 a 4500</leader>
  <controlfield tag="001">A1169996</controlfield>
  <controlfield tag="003">KONVERSIO</controlfield>
  <controlfield tag="005">20180213134822.0</controlfield>
  <controlfield tag="007">sd||||g|||m||d</controlfield>
  <controlfield tag="008">070306s2007    fi rc|||||||||||||||zxx| </controlfield>
  <datafield tag="035" ind1=" " ind2=" ">
    <subfield code="a">{13424D5A-CC7C-47FD-98EC-001F5A38DDDB}</subfield>
  </datafield>
  <datafield tag="041" ind1="0" ind2=" ">
    <subfield code="d">zxx</subfield>
  </datafield>
  <datafield tag="100" ind1="1" ind2=" ">
    <subfield code="a">Tolonen, Jukka,</subfield>
    <subfield code="e">esitt.</subfield>
  </datafield>
  <datafield tag="245" ind1="1" ind2="0">
    <subfield code="a">Ramblin&apos;.</subfield>
  </datafield>
  <datafield tag="260" ind1=" " ind2=" ">
    <subfield code="c">p1971.</subfield>
  </datafield>
  <datafield tag="511" ind1="0" ind2=" ">
    <subfield code="a">Jukka Tolonen (g), Pekka Pöyry (sax, perc), Heikki Virtanen (b), Reino Lain.</subfield>
  </datafield>
  <datafield tag="773" ind1="0" ind2=" ">
    <subfield code="7">nnjm</subfield>
    <subfield code="w">A1163136</subfield>
    <subfield code="t">Loveradio</subfield>
    <subfield code="h">[Äänite]. -</subfield>
    <subfield code="d">[S.l.] : Siboney, p2007. -</subfield>
    <subfield code="m">1 CD-äänilevy. -</subfield>
    <subfield code="o">LXCD654. -</subfield>
    <subfield code="g">2</subfield>
  </datafield>
  <datafield tag="940" ind1="1" ind2=" ">
    <subfield code="a">Rambling</subfield>
  </datafield>
</record>