
<record format="MARC21" type="Bibliographic">
  <leader>00000noa a22     4a 4500</leader>
  <controlfield tag="001">5CD4F16CB173431DBECE001F6CB7B3F5</controlfield>
  <controlfield tag="003">KONVERSIO</controlfield>
  <controlfield tag="005">20180213134822.0</controlfield>
  <controlfield tag="007">ou</controlfield>
  <controlfield tag="008">120510s2004    fi ||||j||||||||||b|||||c</controlfield>
  <datafield tag="035" ind1=" " ind2=" ">
    <subfield code="a">{5CD4F16C-B173-431D-BECE-001F6CB7B3F5}</subfield>
  </datafield>
  <datafield tag="100" ind1="1" ind2=" ">
    <subfield code="a">Ohls, Peter,</subfield>
    <subfield code="e">säv., san.</subfield>
  </datafield>
  <datafield tag="245" ind1="1" ind2="0">
    <subfield code="a">Etkö ymmärrä</subfield>
    <subfield code="h">[Nuottijulkaisu].</subfield>
  </datafield>
  <datafield tag="773" ind1="0" ind2=" ">
    <subfield code="7">nnmm</subfield>
    <subfield code="w">BDDCFC3E402B45718AD98972B4880569</subfield>
    <subfield code="t">Musiikin mestarit</subfield>
    <subfield code="h">[Moniviestin]. -</subfield>
    <subfield code="b">2. painos. -</subfield>
    <subfield code="d">Helsinki : Otava. -</subfield>
    <subfield code="m">1 kirja + 4 CD-äänilevyä. -</subfield>
    <subfield code="z">749Mm1-2. -</subfield>
    <subfield code="g">1-2</subfield>
  </datafield>
</record>