
<record format="MARC21" type="Bibliographic">
  <leader>00000nca a2200109 a 4500</leader>
  <controlfield tag="001">A1098359</controlfield>
  <controlfield tag="003">KONVERSIO</controlfield>
  <controlfield tag="005">20180213134822.0</controlfield>
  <controlfield tag="007">qu</controlfield>
  <controlfield tag="008">060531s2006    fi ||z||||||||||||||eng| </controlfield>
  <datafield tag="035" ind1=" " ind2=" ">
    <subfield code="a">{EC1AB466-D657-4147-946E-00202A5A3325}</subfield>
  </datafield>
  <datafield tag="041" ind1="0" ind2=" ">
    <subfield code="a">eng</subfield>
  </datafield>
  <datafield tag="100" ind1="1" ind2=" ">
    <subfield code="a">Presley, Elvis,</subfield>
    <subfield code="e">esitt.</subfield>
  </datafield>
  <datafield tag="245" ind1="1" ind2="0">
    <subfield code="a">Mean woman blues.</subfield>
  </datafield>
  <datafield tag="773" ind1="0" ind2=" ">
    <subfield code="7">nncm</subfield>
    <subfield code="w">9510307580</subfield>
    <subfield code="a">Juutilainen, Esa-Markku</subfield>
    <subfield code="t">Lukion musa</subfield>
    <subfield code="h">[Nuottijulkaisu]. -</subfield>
    <subfield code="d">Porvoo ; Helsinki : WSOY, 2006. -</subfield>
    <subfield code="m">1 sävelmäkokoelma. -</subfield>
    <subfield code="z">951-0-30758-0</subfield>
  </datafield>
</record>