
<record format="MARC21" type="Bibliographic">
  <leader>00000nca a2200097 a 4500</leader>
  <controlfield tag="001">A0266559</controlfield>
  <controlfield tag="003">KONVERSIO</controlfield>
  <controlfield tag="005">20180213134822.0</controlfield>
  <controlfield tag="007">qu</controlfield>
  <controlfield tag="008">960610s1996    fi fmz|||||||||||||||||| </controlfield>
  <datafield tag="035" ind1=" " ind2=" ">
    <subfield code="a">{02E7B607-0810-459A-8EE7-002071136328}</subfield>
  </datafield>
  <datafield tag="245" ind1="0" ind2="0">
    <subfield code="a">Kippurahäntä.</subfield>
  </datafield>
  <datafield tag="773" ind1="0" ind2=" ">
    <subfield code="7">nncm</subfield>
    <subfield code="w">951757357X</subfield>
    <subfield code="t">Suuri kansanlaulukirja : 500 suomalaista kansanlaulua</subfield>
    <subfield code="h">[Nuottijulkaisu]. -</subfield>
    <subfield code="d">[Helsinki] : Warner/Chappell Music Finland, 1996 (Sulkava : Finnreklama). -</subfield>
    <subfield code="m">1 sävelmäkokoelma. -</subfield>
    <subfield code="z">951-757-357-X. -</subfield>
    <subfield code="o">M-042-08615-5. -</subfield>
    <subfield code="o">08615</subfield>
  </datafield>
</record>