
<record format="MARC21" type="Bibliographic">
  <leader>00000nja a2200157 a 4500</leader>
  <controlfield tag="001">A1591464</controlfield>
  <controlfield tag="003">KONVERSIO</controlfield>
  <controlfield tag="005">20180213134822.0</controlfield>
  <controlfield tag="007">sd||||g|||m||d</controlfield>
  <controlfield tag="008">110329s2011    fr |||||||||||||||||lat| </controlfield>
  <datafield tag="035" ind1=" " ind2=" ">
    <subfield code="a">{47FC7784-7A70-458A-A608-00215046FB38}</subfield>
  </datafield>
  <datafield tag="041" ind1="0" ind2=" ">
    <subfield code="d">lat</subfield>
  </datafield>
  <datafield tag="084" ind1=" " ind2=" ">
    <subfield code="a">78.331</subfield>
    <subfield code="2">ykl</subfield>
  </datafield>
  <datafield tag="100" ind1="0" ind2=" ">
    <subfield code="a">Josquin des Prez,</subfield>
    <subfield code="e">säv.</subfield>
  </datafield>
  <datafield tag="240" ind1="1" ind2="0">
    <subfield code="a">Stabat mater</subfield>
  </datafield>
  <datafield tag="245" ind1="1" ind2="0">
    <subfield code="a">Stabat mater.</subfield>
  </datafield>
  <datafield tag="700" ind1="1" ind2=" ">
    <subfield code="a">Herreweghe, Philippe,</subfield>
    <subfield code="e">joht.</subfield>
  </datafield>
  <datafield tag="710" ind1="2" ind2=" ">
    <subfield code="a">Chapelle Royale,</subfield>
    <subfield code="e">esitt.</subfield>
  </datafield>
  <datafield tag="773" ind1="0" ind2=" ">
    <subfield code="7">nnjm</subfield>
    <subfield code="w">A1584171</subfield>
    <subfield code="a">Josquin des Prez</subfield>
    <subfield code="t">Stabat mater. Motets</subfield>
    <subfield code="h">[Äänite]. -</subfield>
    <subfield code="d">Arles : Harmonia mundi, c2011. -</subfield>
    <subfield code="m">1 CD-äänilevy. -</subfield>
    <subfield code="k">Musique d&apos;abord. -</subfield>
    <subfield code="o">HMA1951243</subfield>
  </datafield>
</record>