
<record format="MARC21" type="Bibliographic">
  <leader>00000nja a2200085 a 4500</leader>
  <controlfield tag="001">A1586107</controlfield>
  <controlfield tag="003">KONVERSIO</controlfield>
  <controlfield tag="005">20180213134822.0</controlfield>
  <controlfield tag="007">sd||||g|||m||d</controlfield>
  <controlfield tag="008">110314s2010    fi pp||||||||||||||||||| </controlfield>
  <datafield tag="035" ind1=" " ind2=" ">
    <subfield code="a">{F94CFC2C-C520-413C-BF50-002173C52B17}</subfield>
  </datafield>
  <datafield tag="245" ind1="0" ind2="0">
    <subfield code="a">Kultamaa.</subfield>
  </datafield>
  <datafield tag="773" ind1="0" ind2=" ">
    <subfield code="7">nnjm</subfield>
    <subfield code="w">A1568899</subfield>
    <subfield code="a">Esko, Matti</subfield>
    <subfield code="t">Halleluja</subfield>
    <subfield code="h">[Äänite]. -</subfield>
    <subfield code="d">[S.l.] : AXR Music Oy, p2010. -</subfield>
    <subfield code="m">1 CD-äänilevy. -</subfield>
    <subfield code="o">AXR029</subfield>
  </datafield>
</record>