
<record format="MARC21" type="Bibliographic">
  <leader>00000nga a2200085 a 4500</leader>
  <controlfield tag="001">A1498442</controlfield>
  <controlfield tag="003">KONVERSIO</controlfield>
  <controlfield tag="005">20180213134822.0</controlfield>
  <controlfield tag="007">vd|cg||||</controlfield>
  <controlfield tag="008">100430s2010    fi ||||| |||||||||z||||| </controlfield>
  <datafield tag="035" ind1=" " ind2=" ">
    <subfield code="a">{D2B50652-1286-4486-82FC-00219DA49847}</subfield>
  </datafield>
  <datafield tag="245" ind1="0" ind2="0">
    <subfield code="a">Onpa taivaassa tarjona.</subfield>
  </datafield>
  <datafield tag="773" ind1="0" ind2=" ">
    <subfield code="7">nngm</subfield>
    <subfield code="w">A1481963</subfield>
    <subfield code="t">Lasten karaoke!</subfield>
    <subfield code="h">[Videotallenne]. -</subfield>
    <subfield code="d">[Nummela] : VL-Musiikki, 2010. -</subfield>
    <subfield code="m">1 DVD-videolevy. -</subfield>
    <subfield code="k">Musiikin aarteita. -</subfield>
    <subfield code="o">VLDVD-102</subfield>
  </datafield>
</record>