
<record format="MARC21" type="Bibliographic">
  <leader>00000ncm a2200229 a 4500</leader>
  <controlfield tag="001">A1175339</controlfield>
  <controlfield tag="003">KONVERSIO</controlfield>
  <controlfield tag="005">20180213134822.0</controlfield>
  <controlfield tag="007">qu</controlfield>
  <controlfield tag="008">070323s2000    xxu||z||||||||||||||eng| </controlfield>
  <datafield tag="024" ind1="3" ind2=" ">
    <subfield code="a">077712331197</subfield>
  </datafield>
  <datafield tag="028" ind1="0" ind2="1">
    <subfield code="b">MMO Music Group</subfield>
    <subfield code="a">MMOCD3119</subfield>
  </datafield>
  <datafield tag="035" ind1=" " ind2=" ">
    <subfield code="a">{66799E0C-0F12-47DE-A8F5-0021E2E6D2D0}</subfield>
  </datafield>
  <datafield tag="041" ind1="0" ind2=" ">
    <subfield code="a">eng</subfield>
  </datafield>
  <datafield tag="084" ind1=" " ind2=" ">
    <subfield code="a">78.712</subfield>
    <subfield code="2">ykl</subfield>
  </datafield>
  <datafield tag="245" ind1="0" ind2="0">
    <subfield code="a">Air on a G string and other favorite encores</subfield>
    <subfield code="h">[Nuottijulkaisu].</subfield>
  </datafield>
  <datafield tag="260" ind1=" " ind2=" ">
    <subfield code="a">Elmsford (NY) :</subfield>
    <subfield code="b">MMO Music Group,</subfield>
    <subfield code="c">2000.</subfield>
  </datafield>
  <datafield tag="300" ind1=" " ind2=" ">
    <subfield code="a">1 soolonuotti (13 s.) ;</subfield>
    <subfield code="c">30 cm +</subfield>
    <subfield code="e">1 CD-äänilevy kansiossa.</subfield>
  </datafield>
  <datafield tag="382" ind1=" " ind2=" ">
    <subfield code="a">Viulu</subfield>
  </datafield>
  <datafield tag="490" ind1="1" ind2=" ">
    <subfield code="a">Music minus one, Violin</subfield>
  </datafield>
  <datafield tag="500" ind1=" " ind2=" ">
    <subfield code="a">CD-levyllä kappaleet kuultavissa orkesterisäestyksin sekä pelkkänä säestyks.</subfield>
  </datafield>
  <datafield tag="511" ind1="0" ind2=" ">
    <subfield code="a">Geoffrey Applegate (viulu), Stuttgart Symphony Orchestra, Emil Kahn (joht.).</subfield>
  </datafield>
  <datafield tag="583" ind1=" " ind2=" ">
    <subfield code="a">+1CD.</subfield>
  </datafield>
  <datafield tag="650" ind1=" " ind2="7">
    <subfield code="a">viulu</subfield>
    <subfield code="x">kokoelmat</subfield>
    <subfield code="2">musa</subfield>
  </datafield>
  <datafield tag="650" ind1=" " ind2="7">
    <subfield code="a">taidemusiikki</subfield>
    <subfield code="x">sovitukset</subfield>
    <subfield code="x">viulu</subfield>
    <subfield code="2">musa</subfield>
  </datafield>
  <datafield tag="700" ind1="1" ind2=" ">
    <subfield code="a">Applegate, Geoffrey,</subfield>
    <subfield code="e">viulu.</subfield>
  </datafield>
  <datafield tag="700" ind1="1" ind2=" ">
    <subfield code="a">Kahn, Emil,</subfield>
    <subfield code="e">joht.</subfield>
  </datafield>
  <datafield tag="830" ind1=" " ind2="0">
    <subfield code="a">Music minus one,</subfield>
    <subfield code="p">Violin.</subfield>
  </datafield>
  
  
  
</record>