
<record format="MARC21" type="Bibliographic">
  <leader>00000nja a22     4a 4500</leader>
  <controlfield tag="001">C8C98A94CF2C4964A5F9002253F139F7</controlfield>
  <controlfield tag="003">KONVERSIO</controlfield>
  <controlfield tag="005">20180213134822.0</controlfield>
  <controlfield tag="007">sd||||g|||m||d</controlfield>
  <controlfield tag="008">080708s2007    xxk|||||||||||||||||zxx|c</controlfield>
  <datafield tag="035" ind1=" " ind2=" ">
    <subfield code="a">{C8C98A94-CF2C-4964-A5F9-002253F139F7}</subfield>
  </datafield>
  <datafield tag="041" ind1="0" ind2=" ">
    <subfield code="d">zxx</subfield>
  </datafield>
  <datafield tag="084" ind1=" " ind2=" ">
    <subfield code="a">78.61</subfield>
    <subfield code="2">ykl</subfield>
  </datafield>
  <datafield tag="100" ind1="1" ind2=" ">
    <subfield code="a">Debussy, Claude,</subfield>
    <subfield code="d">1862-1918,</subfield>
    <subfield code="e">säv.</subfield>
  </datafield>
  <datafield tag="240" ind1="1" ind2="0">
    <subfield code="a">Preludit,</subfield>
    <subfield code="m">piano,</subfield>
    <subfield code="n">L123</subfield>
  </datafield>
  <datafield tag="505" ind1="0" ind2=" ">
    <subfield code="a">Préludes, Book 2: 1. Brouillards, 2. Feuilles mortes, 3. La puerta del vino.</subfield>
  </datafield>
  <datafield tag="700" ind1="1" ind2=" ">
    <subfield code="a">Bavouzet, Jean-Efflam,</subfield>
    <subfield code="e">esitt.</subfield>
  </datafield>
  <datafield tag="773" ind1="0" ind2=" ">
    <subfield code="7">nnjm</subfield>
    <subfield code="w">FFF5EAEABF0D4D99B32C7ACD4AE680B6</subfield>
    <subfield code="a">Debussy, Claude</subfield>
    <subfield code="t">Complete works for piano</subfield>
    <subfield code="h">[Äänite]. -</subfield>
    <subfield code="d">Colchester, Essex : Chandos Records, p2007. -</subfield>
    <subfield code="m">1 CD-äänilevy. -</subfield>
    <subfield code="o">CHAN10421. -</subfield>
    <subfield code="g">Volume 1</subfield>
  </datafield>
  <datafield tag="940" ind1="1" ind2=" ">
    <subfield code="a">Préludes, Book 2</subfield>
  </datafield>
  <datafield tag="940" ind1="1" ind2=" ">
    <subfield code="a">Préludes, 2e livre</subfield>
  </datafield>
</record>