
<record format="MARC21" type="Bibliographic">
  <leader>00000nja a2200121 a 4500</leader>
  <controlfield tag="001">A1779067</controlfield>
  <controlfield tag="003">KONVERSIO</controlfield>
  <controlfield tag="005">20180213134822.0</controlfield>
  <controlfield tag="007">sd||||g|||m||d</controlfield>
  <controlfield tag="008">120221s2011    xxkrc|||||||||||||||eng| </controlfield>
  <datafield tag="035" ind1=" " ind2=" ">
    <subfield code="a">{F4179BA1-60D5-4F1F-94BD-00228E0C44D2}</subfield>
  </datafield>
  <datafield tag="041" ind1="0" ind2=" ">
    <subfield code="d">eng</subfield>
  </datafield>
  <datafield tag="110" ind1="2" ind2=" ">
    <subfield code="a">UB40,</subfield>
    <subfield code="e">esitt.</subfield>
  </datafield>
  <datafield tag="245" ind1="1" ind2="0">
    <subfield code="a">My way of thinking.</subfield>
  </datafield>
  <datafield tag="260" ind1=" " ind2=" ">
    <subfield code="c">p1980.</subfield>
  </datafield>
  <datafield tag="773" ind1="0" ind2=" ">
    <subfield code="7">nnjm</subfield>
    <subfield code="w">A1704877</subfield>
    <subfield code="t">100 hits - punk &amp; new wave : 100 punk &amp; new wave anthems</subfield>
    <subfield code="h">[Äänite]. -</subfield>
    <subfield code="d">London : Demon Music Group/ EMI Records, p2011. -</subfield>
    <subfield code="m">5 CD-äänilevyä. -</subfield>
    <subfield code="o">DMG100091</subfield>
  </datafield>
</record>