
<record format="MARC21" type="Bibliographic">
  <leader>00000njm a2200205 a 4500</leader>
  <controlfield tag="001">A1811436</controlfield>
  <controlfield tag="003">KONVERSIO</controlfield>
  <controlfield tag="005">20180213134822.0</controlfield>
  <controlfield tag="007">sd||||g|||m||d</controlfield>
  <controlfield tag="008">120521s2012    xxkrc|||||||||||||||eng| </controlfield>
  <datafield tag="024" ind1="3" ind2=" ">
    <subfield code="a">886973121122</subfield>
  </datafield>
  <datafield tag="028" ind1="0" ind2="1">
    <subfield code="b">Sony Music Entertainment UK</subfield>
    <subfield code="a">88697312112</subfield>
  </datafield>
  <datafield tag="035" ind1=" " ind2=" ">
    <subfield code="a">{DBEF3A5C-2022-453F-9A82-0022F15B2C28}</subfield>
  </datafield>
  <datafield tag="041" ind1="0" ind2=" ">
    <subfield code="d">eng</subfield>
  </datafield>
  <datafield tag="084" ind1=" " ind2=" ">
    <subfield code="a">78.8911</subfield>
    <subfield code="2">ykl</subfield>
  </datafield>
  <datafield tag="110" ind1="2" ind2=" ">
    <subfield code="a">My Bloody Valentine,</subfield>
    <subfield code="e">esitt.</subfield>
  </datafield>
  <datafield tag="245" ind1="1" ind2="0">
    <subfield code="a">Loveless</subfield>
    <subfield code="h">[Äänite] /</subfield>
    <subfield code="c">My Bloody Valentine.</subfield>
  </datafield>
  <datafield tag="260" ind1=" " ind2=" ">
    <subfield code="a">[S.l.] :</subfield>
    <subfield code="b">Sony Music Entertainment UK,</subfield>
    <subfield code="c">p2012.</subfield>
  </datafield>
  <datafield tag="300" ind1=" " ind2=" ">
    <subfield code="a">2 CD-äänilevyä (48 min 40 sek)</subfield>
  </datafield>
  <datafield tag="500" ind1=" " ind2=" ">
    <subfield code="a">Kappaleet julkaistu alun perin v. 1991.</subfield>
  </datafield>
  <datafield tag="500" ind1=" " ind2=" ">
    <subfield code="a">Uudelleenmasteroitu.</subfield>
  </datafield>
  <datafield tag="500" ind1=" " ind2=" ">
    <subfield code="a">CD2 sisält.</subfield>
  </datafield>
  <datafield tag="511" ind1="0" ind2=" ">
    <subfield code="a">My Bloody Valentine: Colm O&apos;Ciosoig (dr, sämpleri), Bilinda Butcher (voc, g.</subfield>
  </datafield>
  <datafield tag="583" ind1=" " ind2=" ">
    <subfield code="a">2cd.</subfield>
  </datafield>
  <datafield tag="650" ind1=" " ind2="7">
    <subfield code="a">rock</subfield>
    <subfield code="z">Irlanti</subfield>
    <subfield code="y">1990-luku</subfield>
    <subfield code="2">musa</subfield>
  </datafield>
  <datafield tag="650" ind1=" " ind2="7">
    <subfield code="a">indie rock</subfield>
    <subfield code="z">Irlanti</subfield>
    <subfield code="y">1990-luku</subfield>
    <subfield code="2">musa</subfield>
  </datafield>
</record>