
<record format="MARC21" type="Bibliographic">
  <leader>00000nja a2200109 a 4500</leader>
  <controlfield tag="001">A4340554</controlfield>
  <controlfield tag="003">KONVERSIO</controlfield>
  <controlfield tag="005">20180213134822.0</controlfield>
  <controlfield tag="007">sd||||g|||m||d</controlfield>
  <controlfield tag="008">160406s2016    fi ||||j||||||||||||fin| </controlfield>
  <datafield tag="035" ind1=" " ind2=" ">
    <subfield code="a">{85D8CFB8-CEF8-46D7-BFED-002313A974C0}</subfield>
  </datafield>
  <datafield tag="041" ind1="0" ind2=" ">
    <subfield code="d">fin</subfield>
  </datafield>
  <datafield tag="245" ind1="0" ind2="0">
    <subfield code="a">Kanalomamatka.</subfield>
  </datafield>
  <datafield tag="700" ind1="1" ind2=" ">
    <subfield code="a">Rasinkangas, Pentti,</subfield>
    <subfield code="e">esittäjä.</subfield>
  </datafield>
  <datafield tag="773" ind1="0" ind2=" ">
    <subfield code="7">nnjm</subfield>
    <subfield code="w">A4340241</subfield>
    <subfield code="a">Rasinkangas, Pentti</subfield>
    <subfield code="t">Papanapa : kokoelma parhaita lastenlauluja</subfield>
    <subfield code="h">[Äänite]. -</subfield>
    <subfield code="d">[S.l.] : Huti, p2016. -</subfield>
    <subfield code="m">1 CD-äänilevy. -</subfield>
    <subfield code="o">HUTICD10</subfield>
  </datafield>
</record>