
<record format="MARC21" type="Bibliographic">
  <leader>00000naa a2200109 a 4500</leader>
  <controlfield tag="001">A1899145</controlfield>
  <controlfield tag="003">KONVERSIO</controlfield>
  <controlfield tag="005">20180213134822.0</controlfield>
  <controlfield tag="008">121219s2012    fi |||||||||| |||| |fin| </controlfield>
  <datafield tag="035" ind1=" " ind2=" ">
    <subfield code="a">{CF653D96-CE2B-4B97-A5F2-002345DF8735}</subfield>
  </datafield>
  <datafield tag="041" ind1="0" ind2=" ">
    <subfield code="a">fin</subfield>
  </datafield>
  <datafield tag="100" ind1="1" ind2=" ">
    <subfield code="a">Jaakkola, Jouni J. K.</subfield>
  </datafield>
  <datafield tag="245" ind1="1" ind2="0">
    <subfield code="a">Ilmastonmuutos :</subfield>
    <subfield code="b">vuosisatamme suurin terveysuhka /</subfield>
    <subfield code="c">Jouni J. K. Jaakkola.</subfield>
  </datafield>
  <datafield tag="773" ind1="0" ind2=" ">
    <subfield code="7">nnam</subfield>
    <subfield code="w">9789524952613</subfield>
    <subfield code="t">Kansan terveys, yksilön hyvinvointi. -</subfield>
    <subfield code="d">[Helsinki] : Gaudeamus, 2012 ([Tallinna] : Tallinna Raamatutrükikoda). -</subfield>
    <subfield code="k">Tutkitusti. -</subfield>
    <subfield code="z">978-952-495-261-3</subfield>
  </datafield>
</record>