
<record format="MARC21" type="Bibliographic">
  <leader>00000nca a2200133 a 4500</leader>
  <controlfield tag="001">A1796767</controlfield>
  <controlfield tag="003">KONVERSIO</controlfield>
  <controlfield tag="005">20180213134822.0</controlfield>
  <controlfield tag="007">qu</controlfield>
  <controlfield tag="008">120410s2012    fi ||a||||||||||||||ger| </controlfield>
  <datafield tag="035" ind1=" " ind2=" ">
    <subfield code="a">{90C580CB-0E48-4DDB-AED0-0023E0CC176D}</subfield>
  </datafield>
  <datafield tag="041" ind1="0" ind2=" ">
    <subfield code="a">ger</subfield>
  </datafield>
  <datafield tag="084" ind1=" " ind2=" ">
    <subfield code="a">78.322</subfield>
    <subfield code="2">ykl</subfield>
  </datafield>
  <datafield tag="100" ind1="1" ind2=" ">
    <subfield code="a">Schumann, Robert,</subfield>
    <subfield code="e">säv.</subfield>
  </datafield>
  <datafield tag="240" ind1="1" ind2="0">
    <subfield code="a">Lieder-Album für die Jugend,</subfield>
    <subfield code="n">op79.</subfield>
    <subfield code="n">Nro 6,</subfield>
    <subfield code="p">Sonntag</subfield>
  </datafield>
  <datafield tag="245" ind1="1" ind2="0">
    <subfield code="a">Sonntag.</subfield>
  </datafield>
  <datafield tag="773" ind1="0" ind2=" ">
    <subfield code="7">nncm</subfield>
    <subfield code="w">9790706348100</subfield>
    <subfield code="t">Cantus : nuottikokoelma laulun perusopetukseen</subfield>
    <subfield code="h">[Nuottijulkaisu]. -</subfield>
    <subfield code="d">[Oulu] : Bells. -</subfield>
    <subfield code="m">1 partituuri. -</subfield>
    <subfield code="o">979-0-706348-10-0. -</subfield>
    <subfield code="g">2</subfield>
  </datafield>
</record>