
<record format="MARC21" type="Bibliographic">
  <leader>00000nca a2200097 a 4500</leader>
  <controlfield tag="001">A4111793</controlfield>
  <controlfield tag="003">KONVERSIO</controlfield>
  <controlfield tag="005">20180213134822.0</controlfield>
  <controlfield tag="007">qu</controlfield>
  <controlfield tag="008">140617s2009    fi ppz||||||||||||||fin| </controlfield>
  <datafield tag="035" ind1=" " ind2=" ">
    <subfield code="a">{15142772-2D09-4321-A7A9-002410C2FB04}</subfield>
  </datafield>
  <datafield tag="041" ind1="0" ind2=" ">
    <subfield code="a">fin</subfield>
  </datafield>
  <datafield tag="245" ind1="0" ind2="0">
    <subfield code="a">Jos vielä tuut.</subfield>
  </datafield>
  <datafield tag="773" ind1="0" ind2=" ">
    <subfield code="7">nncm</subfield>
    <subfield code="w">M706315034</subfield>
    <subfield code="a">Finlanders</subfield>
    <subfield code="t">Oikeesti</subfield>
    <subfield code="h">[Nuottijulkaisu]. -</subfield>
    <subfield code="d">[S.l.] : Finlanders Productions, c2009. -</subfield>
    <subfield code="m">1 sävelmäkokoelma. -</subfield>
    <subfield code="o">M-706315-03-4</subfield>
  </datafield>
</record>