
<record format="MARC21" type="Bibliographic">
  <leader>00000nim a22001694a 4500</leader>
  <controlfield tag="001">6416415665347</controlfield>
  <controlfield tag="003">KONVERSIO</controlfield>
  <controlfield tag="005">20180213134822.0</controlfield>
  <controlfield tag="007">su||||||||||||</controlfield>
  <controlfield tag="008">100819s2010    xx |||||||||||||||||fin|c</controlfield>
  <datafield tag="024" ind1="3" ind2=" ">
    <subfield code="a">6416415665347</subfield>
  </datafield>
  <datafield tag="035" ind1=" " ind2=" ">
    <subfield code="a">{4283A18F-298D-4BC6-9505-00244F17B114}</subfield>
  </datafield>
  <datafield tag="041" ind1="0" ind2=" ">
    <subfield code="d">fin</subfield>
  </datafield>
  <datafield tag="084" ind1=" " ind2=" ">
    <subfield code="a">A83</subfield>
    <subfield code="2">ykl</subfield>
  </datafield>
  <datafield tag="245" ind1="0" ind2="0">
    <subfield code="a">Niskavuoren leipä (cd).</subfield>
  </datafield>
  <datafield tag="260" ind1=" " ind2=" ">
    <subfield code="b">Yleisradio,</subfield>
    <subfield code="c">2010.</subfield>
  </datafield>
  <datafield tag="700" ind1="1" ind2=" ">
    <subfield code="a">Ruohonen, Laura.</subfield>
  </datafield>
</record>