
<record format="MARC21" type="Bibliographic">
  <leader>00000nca a2200085 a 4500</leader>
  <controlfield tag="001">A1465564</controlfield>
  <controlfield tag="003">KONVERSIO</controlfield>
  <controlfield tag="005">20180213134822.0</controlfield>
  <controlfield tag="007">qu</controlfield>
  <controlfield tag="008">100108s2009    xxurcz|||||||||||||||||| </controlfield>
  <datafield tag="035" ind1=" " ind2=" ">
    <subfield code="a">{9224A0E5-357D-41E5-B00D-00245E161988}</subfield>
  </datafield>
  <datafield tag="245" ind1="0" ind2="0">
    <subfield code="a">Brown sugar.</subfield>
  </datafield>
  <datafield tag="773" ind1="0" ind2=" ">
    <subfield code="7">nncm</subfield>
    <subfield code="w">9780739059753</subfield>
    <subfield code="a">Rolling Stones</subfield>
    <subfield code="t">Hot rocks 1964-1971</subfield>
    <subfield code="h">[Nuottijulkaisu]. -</subfield>
    <subfield code="d">New York : ABKCO Music ; Van Nuys (CA) : Alfred, c2009. -</subfield>
    <subfield code="m">1 sävelmäkokoelma. -</subfield>
    <subfield code="k">Alfred&apos;s classic albums editions. -</subfield>
    <subfield code="z">978-0-7390-5975-3. -</subfield>
    <subfield code="o">32555</subfield>
  </datafield>
</record>