
<record format="MARC21" type="Bibliographic">
  <leader>00000nja a22     4a 4500</leader>
  <controlfield tag="001">B52C3DB002E644D0B14B00246215FE58</controlfield>
  <controlfield tag="003">KONVERSIO</controlfield>
  <controlfield tag="005">20180213134822.0</controlfield>
  <controlfield tag="007">sd||||g|||m||d</controlfield>
  <controlfield tag="008">130529s2012    xxkrc|||||||||||||||||||c</controlfield>
  <datafield tag="035" ind1=" " ind2=" ">
    <subfield code="a">{B52C3DB0-02E6-44D0-B14B-00246215FE58}</subfield>
  </datafield>
  <datafield tag="110" ind1="2" ind2=" ">
    <subfield code="a">Donnas,</subfield>
    <subfield code="e">esitt.</subfield>
  </datafield>
  <datafield tag="245" ind1="1" ind2="0">
    <subfield code="a">Dancing with myself.</subfield>
  </datafield>
  <datafield tag="773" ind1="0" ind2=" ">
    <subfield code="7">nnjm</subfield>
    <subfield code="w">B55E07677F9C4A7285D625F9A4FC4948</subfield>
    <subfield code="t">Classic rock : the collection</subfield>
    <subfield code="h">[Äänite]. -</subfield>
    <subfield code="d">[S.l.] : Rhino UK / Warner Music, p2012. -</subfield>
    <subfield code="m">3 CD-äänilevyä. -</subfield>
    <subfield code="o">5310547165</subfield>
  </datafield>
</record>