
<record format="MARC21" type="Bibliographic">
  <leader>00000nca a22     4a 4500</leader>
  <controlfield tag="001">3D5B4031C6B1498F905F0024A2D40082</controlfield>
  <controlfield tag="003">KONVERSIO</controlfield>
  <controlfield tag="005">20180213134822.0</controlfield>
  <controlfield tag="007">qu</controlfield>
  <controlfield tag="008">060920 uuuu    xx |||||||||||||||||||||c</controlfield>
  <datafield tag="035" ind1=" " ind2=" ">
    <subfield code="a">{3D5B4031-C6B1-498F-905F-0024A2D40082}</subfield>
  </datafield>
  <datafield tag="245" ind1="0" ind2="0">
    <subfield code="a">Hän kohta jo saapuvi.</subfield>
  </datafield>
  <datafield tag="773" ind1="0" ind2=" ">
    <subfield code="7">nncm</subfield>
    <subfield code="w">9516062857</subfield>
    <subfield code="t">Hengellinen laulukirja</subfield>
    <subfield code="h">[Nuottijulkaisu]. -</subfield>
    <subfield code="b">3. uud. p.. -</subfield>
    <subfield code="d">Vantaa : Hengellinen Laulukirja, 1992. -</subfield>
    <subfield code="m">laulukirja. -</subfield>
    <subfield code="z">951-606-285-7</subfield>
  </datafield>
</record>