
<record format="MARC21" type="Bibliographic">
  <leader>00000nam a22001573a 4500</leader>
  <controlfield tag="001">1233554</controlfield>
  <controlfield tag="003">KONVERSIO</controlfield>
  <controlfield tag="005">20180213134822.0</controlfield>
  <controlfield tag="008">071026 uuuu    fi |||||||||| |||| |fin|c</controlfield>
  <datafield tag="020" ind1=" " ind2=" ">
    <subfield code="a">978-952-486-040-6</subfield>
    <subfield code="q">kansio.</subfield>
  </datafield>
  <datafield tag="035" ind1=" " ind2=" ">
    <subfield code="a">{DEB821C2-ADD2-4B4F-8A47-0024D98AD27A}</subfield>
  </datafield>
  <datafield tag="041" ind1="0" ind2=" ">
    <subfield code="a">fin</subfield>
  </datafield>
  <datafield tag="084" ind1=" " ind2=" ">
    <subfield code="a">59.533</subfield>
    <subfield code="2">ykl</subfield>
  </datafield>
  <datafield tag="245" ind1="0" ind2="0">
    <subfield code="a">Lapsen diabetes :</subfield>
    <subfield code="b">perheen kansio.</subfield>
  </datafield>
  <datafield tag="250" ind1=" " ind2=" ">
    <subfield code="a">2. tark. p.</subfield>
  </datafield>
  <datafield tag="260" ind1=" " ind2=" ">
    <subfield code="b">Suomen diabetesliitto,</subfield>
    <subfield code="c">2007.</subfield>
  </datafield>
  <datafield tag="300" ind1=" " ind2=" ">
    <subfield code="a">90 s. :</subfield>
    <subfield code="b">kuv. ;</subfield>
    <subfield code="c">32 x 29 cm.</subfield>
  </datafield>
  
  
</record>