
<record format="MARC21" type="Bibliographic">
  <leader>00000nam a2200181 a 4500</leader>
  <controlfield tag="001">0992639</controlfield>
  <controlfield tag="003">KONVERSIO</controlfield>
  <controlfield tag="005">20180213134822.0</controlfield>
  <controlfield tag="008">050518s2005    fi ||||d||||| |||| |eng| </controlfield>
  <datafield tag="020" ind1=" " ind2=" ">
    <subfield code="a">951-1-20413-0</subfield>
    <subfield code="q">irtolehtiä</subfield>
  </datafield>
  <datafield tag="020" ind1=" " ind2=" ">
    <subfield code="a">978-951-1-20413-8</subfield>
    <subfield code="q">irtolehtiä</subfield>
  </datafield>
  <datafield tag="035" ind1=" " ind2=" ">
    <subfield code="a">{413A94E2-43B2-4E76-BB1D-0024E0E728F1}</subfield>
  </datafield>
  <datafield tag="041" ind1="0" ind2=" ">
    <subfield code="a">eng</subfield>
    <subfield code="a">fin</subfield>
  </datafield>
  <datafield tag="084" ind1=" " ind2=" ">
    <subfield code="a">89.5</subfield>
    <subfield code="2">ykl</subfield>
  </datafield>
  <datafield tag="100" ind1="1" ind2=" ">
    <subfield code="a">Eskola, Anne.</subfield>
  </datafield>
  <datafield tag="245" ind1="1" ind2="0">
    <subfield code="a">Way to go :</subfield>
    <subfield code="b">update your English : opettajan opas ja äänitteet.</subfield>
  </datafield>
  <datafield tag="260" ind1=" " ind2=" ">
    <subfield code="b">Otava,</subfield>
    <subfield code="c">2005.</subfield>
  </datafield>
  <datafield tag="300" ind1=" " ind2=" ">
    <subfield code="a">80 s. ;</subfield>
    <subfield code="c">30 cm.</subfield>
  </datafield>
  <datafield tag="700" ind1="1" ind2=" ">
    <subfield code="a">Iikkanen, Päivi.</subfield>
  </datafield>
  
  
</record>