
<record format="MARC21" type="Bibliographic">
  <leader>00000cam a2200409 a 4500</leader>
  <controlfield tag="001">9789522640611</controlfield>
  <controlfield tag="003">KONVERSIO</controlfield>
  <controlfield tag="005">20180213134822.0</controlfield>
  <controlfield tag="008">110520s2011    fi |||||||||| |||| |fin| </controlfield>
  <datafield tag="020" ind1=" " ind2=" ">
    <subfield code="a">978-952-264-061-1</subfield>
    <subfield code="q">nid.</subfield>
  </datafield>
  <datafield tag="035" ind1=" " ind2=" ">
    <subfield code="a">{14E674F6-8865-43C6-8152-0025833D9719}</subfield>
  </datafield>
  <datafield tag="041" ind1="1" ind2=" ">
    <subfield code="a">fin</subfield>
    <subfield code="h">fre</subfield>
  </datafield>
  <datafield tag="084" ind1=" " ind2=" ">
    <subfield code="a">91.8</subfield>
    <subfield code="2">ykl</subfield>
  </datafield>
  <datafield tag="084" ind1=" " ind2=" ">
    <subfield code="a">90.02</subfield>
    <subfield code="2">ykl</subfield>
  </datafield>
  <datafield tag="130" ind1="2" ind2=" ">
    <subfield code="a">L&apos;Atlas du Monde diplomatique</subfield>
  </datafield>
  <datafield tag="245" ind1="1" ind2="0">
    <subfield code="a">Historia-atlas :</subfield>
    <subfield code="b">toisenlainen 1900-luku /</subfield>
    <subfield code="c">[käännökset: Ella Vihelmaa ... et al. ; suomenkielinen toimitus: Mika Rönkkö ; toimitus: Benoît Breville ... et al. ; kartat: Cécile Marin ... et al.].</subfield>
  </datafield>
  <datafield tag="246" ind1="3" ind2=" ">
    <subfield code="a">Atlas</subfield>
  </datafield>
  <datafield tag="246" ind1="3" ind2=" ">
    <subfield code="a">Toisenlainen 1900-luku</subfield>
  </datafield>
  <datafield tag="260" ind1=" " ind2=" ">
    <subfield code="a">Helsinki :</subfield>
    <subfield code="b">Into,</subfield>
    <subfield code="c">2011</subfield>
    <subfield code="e">([Tallinna] :</subfield>
    <subfield code="f">Kolofon Baltic)</subfield>
  </datafield>
  <datafield tag="300" ind1=" " ind2=" ">
    <subfield code="a">98 s. :</subfield>
    <subfield code="b">kuv., kartt. ;</subfield>
    <subfield code="c">30 cm.</subfield>
  </datafield>
  <datafield tag="500" ind1=" " ind2=" ">
    <subfield code="a">Le monde diplomatique -lehden toimituksen tuottama.</subfield>
  </datafield>
  <datafield tag="650" ind1=" " ind2="7">
    <subfield code="a">maailmanhistoria</subfield>
    <subfield code="x">kartastot</subfield>
    <subfield code="y">1900-luku</subfield>
    <subfield code="2">ysa</subfield>
  </datafield>
  <datafield tag="650" ind1=" " ind2="7">
    <subfield code="a">historialliset kartat</subfield>
    <subfield code="x">maailmanhistoria</subfield>
    <subfield code="2">ysa</subfield>
  </datafield>
  <datafield tag="650" ind1=" " ind2="7">
    <subfield code="a">poliittinen historia</subfield>
    <subfield code="y">1900-luku</subfield>
    <subfield code="2">ysa</subfield>
  </datafield>
  <datafield tag="650" ind1=" " ind2="7">
    <subfield code="a">kansainvälinen politiikka</subfield>
    <subfield code="y">1900-luku</subfield>
    <subfield code="2">ysa</subfield>
  </datafield>
  <datafield tag="650" ind1=" " ind2="7">
    <subfield code="a">sotahistoria</subfield>
    <subfield code="y">1900-luku</subfield>
    <subfield code="2">ysa</subfield>
  </datafield>
  <datafield tag="650" ind1=" " ind2="7">
    <subfield code="a">sotateollisuus</subfield>
    <subfield code="x">teknologinen kehitys</subfield>
    <subfield code="2">ysa</subfield>
  </datafield>
  <datafield tag="650" ind1=" " ind2="7">
    <subfield code="a">taloushistoria</subfield>
    <subfield code="y">1900-luku</subfield>
    <subfield code="2">ysa</subfield>
  </datafield>
  <datafield tag="650" ind1=" " ind2="7">
    <subfield code="a">väestöhistoria</subfield>
    <subfield code="y">1900-luku</subfield>
    <subfield code="2">ysa</subfield>
  </datafield>
  <datafield tag="650" ind1=" " ind2="7">
    <subfield code="a">väestönmuutokset</subfield>
    <subfield code="y">1900-luku</subfield>
    <subfield code="2">ysa</subfield>
  </datafield>
  <datafield tag="650" ind1=" " ind2="7">
    <subfield code="a">naishistoria</subfield>
    <subfield code="y">1900-luku</subfield>
    <subfield code="2">ysa</subfield>
  </datafield>
  <datafield tag="650" ind1=" " ind2="7">
    <subfield code="a">naisen asema</subfield>
    <subfield code="x">tasa-arvo</subfield>
    <subfield code="x">historia</subfield>
    <subfield code="2">ysa</subfield>
  </datafield>
  <datafield tag="650" ind1=" " ind2="7">
    <subfield code="a">lääketiede</subfield>
    <subfield code="x">historia</subfield>
    <subfield code="y">1900-luku</subfield>
    <subfield code="2">ysa</subfield>
  </datafield>
  <datafield tag="700" ind1="1" ind2=" ">
    <subfield code="a">Breville, Benoît.</subfield>
  </datafield>
  <datafield tag="700" ind1="1" ind2=" ">
    <subfield code="a">Marin, Cécile.</subfield>
  </datafield>
  <datafield tag="700" ind1="1" ind2=" ">
    <subfield code="a">Rönkkö, Mika.</subfield>
  </datafield>
  <datafield tag="700" ind1="1" ind2=" ">
    <subfield code="a">Vihelmaa, Ella.</subfield>
  </datafield>
  

  
</record>