
<record format="MARC21" type="Bibliographic">
  <leader>00000nja a22     4a 4500</leader>
  <controlfield tag="001">2C39401C2F1F4966BB0E0025F64AD458</controlfield>
  <controlfield tag="003">KONVERSIO</controlfield>
  <controlfield tag="005">20180213134822.0</controlfield>
  <controlfield tag="007">sd||||g|||m||d</controlfield>
  <controlfield tag="008">061130 uuuu    xx |||||||||||||||||eng|c</controlfield>
  <datafield tag="035" ind1=" " ind2=" ">
    <subfield code="a">{2C39401C-2F1F-4966-BB0E-0025F64AD458}</subfield>
  </datafield>
  <datafield tag="041" ind1="0" ind2=" ">
    <subfield code="d">eng</subfield>
  </datafield>
  <datafield tag="084" ind1=" " ind2=" ">
    <subfield code="a">78.8935</subfield>
    <subfield code="2">ykl</subfield>
  </datafield>
  <datafield tag="245" ind1="0" ind2="0">
    <subfield code="a">Happy new year.</subfield>
  </datafield>
  <datafield tag="773" ind1="0" ind2=" ">
    <subfield code="7">nnjm</subfield>
    <subfield code="w">9D492A1C2FE14539A4F30D073E33F2F7</subfield>
    <subfield code="a">Turunen, Tarja</subfield>
    <subfield code="t">Henkäys ikuisuudesta</subfield>
    <subfield code="h">[Äänite]. -</subfield>
    <subfield code="d">Helsinki : Passion/Universal, [2006]. -</subfield>
    <subfield code="m">1 CD-äänilevy. -</subfield>
    <subfield code="o">1704047</subfield>
  </datafield>
</record>