
<record format="MARC21" type="Bibliographic">
  <leader>00000nam a2200217 a 4500</leader>
  <controlfield tag="001">9789513224431</controlfield>
  <controlfield tag="003">KONVERSIO</controlfield>
  <controlfield tag="005">20180213134822.0</controlfield>
  <controlfield tag="008">080325s2008    fi ||||j|66   ||||1|fin| </controlfield>
  <datafield tag="020" ind1=" " ind2=" ">
    <subfield code="a">978-951-32-2443-1</subfield>
    <subfield code="q">nid.</subfield>
  </datafield>
  <datafield tag="035" ind1=" " ind2=" ">
    <subfield code="a">{727360C5-89BC-4F11-86DC-002601DA7292}</subfield>
  </datafield>
  <datafield tag="041" ind1="1" ind2=" ">
    <subfield code="a">fin</subfield>
    <subfield code="h">ita</subfield>
  </datafield>
  <datafield tag="084" ind1=" " ind2=" ">
    <subfield code="a">85.32</subfield>
    <subfield code="2">ykl</subfield>
  </datafield>
  <datafield tag="245" ind1="0" ind2="0">
    <subfield code="a">Indiana Hopo ja vihoviimeinen turistiretki /</subfield>
    <subfield code="c">[toimitus: Anna Kastari ... et al.] ; [suomennokset: Katja Kärkkäinen ja Inka Parpola].</subfield>
  </datafield>
  <datafield tag="246" ind1="3" ind2=" ">
    <subfield code="a">Vihoviimeinen turistiretki</subfield>
  </datafield>
  <datafield tag="260" ind1=" " ind2=" ">
    <subfield code="a">[Helsinki] :</subfield>
    <subfield code="b">Sanoma Magazines Finland,</subfield>
    <subfield code="c">2008</subfield>
    <subfield code="e">(Keuruu :</subfield>
    <subfield code="f">Otavan Kirjapaino)</subfield>
  </datafield>
  <datafield tag="300" ind1=" " ind2=" ">
    <subfield code="a">98 s. :</subfield>
    <subfield code="b">kuv. ;</subfield>
    <subfield code="c">25 cm.</subfield>
  </datafield>
  <datafield tag="490" ind1="1" ind2=" ">
    <subfield code="a">Aku Ankan satasivuiset ;</subfield>
    <subfield code="v">12</subfield>
  </datafield>
  <datafield tag="500" ind1=" " ind2=" ">
    <subfield code="a">Walt Disney -tuotantoa.</subfield>
  </datafield>
  <datafield tag="700" ind1="1" ind2=" ">
    <subfield code="a">Kastari, Anna.</subfield>
  </datafield>
  <datafield tag="700" ind1="1" ind2=" ">
    <subfield code="a">Kärkkäinen, Katja.</subfield>
  </datafield>
  <datafield tag="700" ind1="1" ind2=" ">
    <subfield code="a">Parpola, Inka.</subfield>
  </datafield>
  <datafield tag="830" ind1=" " ind2="0">
    <subfield code="a">Aku Ankan satasivuiset ;</subfield>
    <subfield code="v">12.</subfield>
  </datafield>
  

  
</record>