
<record format="MARC21" type="Bibliographic">
  <leader>00000nja a22     4a 4500</leader>
  <controlfield tag="001">D583EDE199F44F11A7B4002626D578BA</controlfield>
  <controlfield tag="003">KONVERSIO</controlfield>
  <controlfield tag="005">20180213134822.0</controlfield>
  <controlfield tag="007">sd||||g|||m||d</controlfield>
  <controlfield tag="008">160211s2012    fi pp|||||||||||||||||||c</controlfield>
  <datafield tag="035" ind1=" " ind2=" ">
    <subfield code="a">{D583EDE1-99F4-4F11-A7B4-002626D578BA}</subfield>
  </datafield>
  <datafield tag="245" ind1="0" ind2="0">
    <subfield code="a">Nocturne.</subfield>
  </datafield>
  <datafield tag="773" ind1="0" ind2=" ">
    <subfield code="7">nnjm</subfield>
    <subfield code="w">350C196D7C2B4FE1B3A61C9B5BC7BD61</subfield>
    <subfield code="a">Luukkainen, Esa A.</subfield>
    <subfield code="t">Lauluni</subfield>
    <subfield code="h">[Äänite]. -</subfield>
    <subfield code="d">[Hammaslahti] : [LittleBigMusic] : [Esa A. Luukkainen], [2012]. -</subfield>
    <subfield code="m">1 CD-äänilevy</subfield>
  </datafield>
</record>