
<record format="MARC21" type="Bibliographic">
  <leader>00000nja a2200097 a 4500</leader>
  <controlfield tag="001">A0931442</controlfield>
  <controlfield tag="003">KONVERSIO</controlfield>
  <controlfield tag="005">20180213134822.0</controlfield>
  <controlfield tag="007">sd||||g|||m||d</controlfield>
  <controlfield tag="008">041101s2004    fr pp||||||||||||||||||| </controlfield>
  <datafield tag="035" ind1=" " ind2=" ">
    <subfield code="a">{EEDF4257-F42F-43F6-9BFC-00265E9F4A7C}</subfield>
  </datafield>
  <datafield tag="245" ind1="0" ind2="3">
    <subfield code="a">La Maritza.</subfield>
  </datafield>
  <datafield tag="260" ind1=" " ind2=" ">
    <subfield code="c">p1968.</subfield>
  </datafield>
  <datafield tag="773" ind1="0" ind2=" ">
    <subfield code="7">nnjm</subfield>
    <subfield code="w">A0919654</subfield>
    <subfield code="a">Vartan, Sylvie</subfield>
    <subfield code="t">Les annees RCA : 1961 -1983</subfield>
    <subfield code="h">[Äänite]. -</subfield>
    <subfield code="d">[S.l.] : BMG France, p2004. -</subfield>
    <subfield code="m">2 CD-äänilevyä. -</subfield>
    <subfield code="o">82876613992</subfield>
  </datafield>
</record>