
<record format="MARC21" type="Bibliographic">
  <leader>00000nja a2200085 a 4500</leader>
  <controlfield tag="001">A1535727</controlfield>
  <controlfield tag="003">KONVERSIO</controlfield>
  <controlfield tag="005">20180213134822.0</controlfield>
  <controlfield tag="007">sd||||g|||m||d</controlfield>
  <controlfield tag="008">100930s2010    fi pp||||||||||||||||||| </controlfield>
  <datafield tag="035" ind1=" " ind2=" ">
    <subfield code="a">{2D7DF15C-6B0E-4CB0-97A3-0026832AC594}</subfield>
  </datafield>
  <datafield tag="245" ind1="0" ind2="0">
    <subfield code="a">Rikkinäinen levy.</subfield>
  </datafield>
  <datafield tag="773" ind1="0" ind2=" ">
    <subfield code="7">nnjm</subfield>
    <subfield code="w">A1519814</subfield>
    <subfield code="a">Eemeli</subfield>
    <subfield code="t">Tangolla päähän : kootut levytykset 1970-1972</subfield>
    <subfield code="h">[Äänite]. -</subfield>
    <subfield code="d">[S.l.] : Rocket Records, p2010. -</subfield>
    <subfield code="m">1 CD-äänilevy. -</subfield>
    <subfield code="o">ROK-058</subfield>
  </datafield>
</record>