
<record format="MARC21" type="Bibliographic">
  <leader>00000nca a22     4a 4500</leader>
  <controlfield tag="001">D019CE6DCAC64BBB99D20026F555DB86</controlfield>
  <controlfield tag="003">KONVERSIO</controlfield>
  <controlfield tag="005">20180213134822.0</controlfield>
  <controlfield tag="007">qu</controlfield>
  <controlfield tag="008">080219s2003    fi rc|||||||||||||||||||c</controlfield>
  <datafield tag="035" ind1=" " ind2=" ">
    <subfield code="a">{D019CE6D-CAC6-4BBB-99D2-0026F555DB86}</subfield>
  </datafield>
  <datafield tag="245" ind1="0" ind2="0">
    <subfield code="a">Kampela.</subfield>
  </datafield>
  <datafield tag="773" ind1="0" ind2=" ">
    <subfield code="7">nncm</subfield>
    <subfield code="w">M706334196</subfield>
    <subfield code="a">Leevi and the Leavings</subfield>
    <subfield code="t">Keskiviikosta torstaihin : Itkisitkö onnesta! ja 40 muuta hittiä</subfield>
    <subfield code="h">[Nuottijulkaisu]. -</subfield>
    <subfield code="d">[s.l.] : Love Kustannus, 2003 (Vantaa : Julkaisuapu Delta, 2003). -</subfield>
    <subfield code="o">M-706334-19-6</subfield>
  </datafield>
</record>