
<record format="MARC21" type="Bibliographic">
  <leader>00000njm a2200229 a 4500</leader>
  <controlfield tag="001">A1478031</controlfield>
  <controlfield tag="003">KONVERSIO</controlfield>
  <controlfield tag="005">20180213134822.0</controlfield>
  <controlfield tag="007">sd||||g|||m||d</controlfield>
  <controlfield tag="008">100216s2009    xxujz|||||||||||||||zxx| </controlfield>
  <datafield tag="024" ind1="3" ind2=" ">
    <subfield code="a">076119001962</subfield>
  </datafield>
  <datafield tag="028" ind1="0" ind2="1">
    <subfield code="b">Kind Of Blue</subfield>
    <subfield code="a">10032</subfield>
  </datafield>
  <datafield tag="035" ind1=" " ind2=" ">
    <subfield code="a">{289CFBC8-F3AC-4253-A9EA-0027C5746DBE}</subfield>
  </datafield>
  <datafield tag="041" ind1="0" ind2=" ">
    <subfield code="d">zxx</subfield>
  </datafield>
  <datafield tag="084" ind1=" " ind2=" ">
    <subfield code="a">78.89223</subfield>
    <subfield code="2">ykl</subfield>
  </datafield>
  <datafield tag="110" ind1="2" ind2=" ">
    <subfield code="a">Nuttree Quartet,</subfield>
    <subfield code="e">esitt.</subfield>
  </datafield>
  <datafield tag="245" ind1="1" ind2="0">
    <subfield code="a">Something sentimental</subfield>
    <subfield code="h">[Äänite] /</subfield>
    <subfield code="c">(Another) Nuttree Quartet.</subfield>
  </datafield>
  <datafield tag="260" ind1=" " ind2=" ">
    <subfield code="a">[S.l.] :</subfield>
    <subfield code="b">Recordings Arts,</subfield>
    <subfield code="c">p2009.</subfield>
  </datafield>
  <datafield tag="300" ind1=" " ind2=" ">
    <subfield code="a">1 CD-äänilevy (58 min 54 sek)</subfield>
  </datafield>
  <datafield tag="511" ind1="0" ind2=" ">
    <subfield code="a">Dave Liebman (ss), John Abercrombie (g), Jay Anderson (b), Adam Nussbaum (d.</subfield>
  </datafield>
  <datafield tag="583" ind1=" " ind2=" ">
    <subfield code="a">1CD+1LI.</subfield>
  </datafield>
  <datafield tag="650" ind1=" " ind2="7">
    <subfield code="a">jazz</subfield>
    <subfield code="z">Yhdysvallat</subfield>
    <subfield code="y">2000-2009</subfield>
    <subfield code="2">musa</subfield>
  </datafield>
  <datafield tag="650" ind1=" " ind2="7">
    <subfield code="a">mainstream</subfield>
    <subfield code="z">Yhdysvallat</subfield>
    <subfield code="y">2000-2009</subfield>
    <subfield code="2">musa</subfield>
  </datafield>
  <datafield tag="650" ind1=" " ind2="7">
    <subfield code="a">saksofoni</subfield>
    <subfield code="x">jazz</subfield>
    <subfield code="2">musa</subfield>
  </datafield>
  <datafield tag="650" ind1=" " ind2="7">
    <subfield code="a">sähkökitara</subfield>
    <subfield code="x">jazz</subfield>
    <subfield code="2">musa</subfield>
  </datafield>
  <datafield tag="700" ind1="1" ind2=" ">
    <subfield code="a">Liebman, Dave,</subfield>
    <subfield code="e">esitt.</subfield>
  </datafield>
  <datafield tag="700" ind1="1" ind2=" ">
    <subfield code="a">Abercrombie, John,</subfield>
    <subfield code="e">esitt.</subfield>
  </datafield>
</record>