
<record format="MARC21" type="Bibliographic">
  <leader>00000nca a22     4a 4500</leader>
  <controlfield tag="001">7CD4DFFD5B5542DA84FC00281B0B32D9</controlfield>
  <controlfield tag="003">KONVERSIO</controlfield>
  <controlfield tag="005">20180213134822.0</controlfield>
  <controlfield tag="007">qu</controlfield>
  <controlfield tag="008">141104s2014    fi rcz||||||||||||||||||c</controlfield>
  <datafield tag="035" ind1=" " ind2=" ">
    <subfield code="a">{7CD4DFFD-5B55-42DA-84FC-00281B0B32D9}</subfield>
  </datafield>
  <datafield tag="110" ind1="2" ind2=" ">
    <subfield code="a">Blue Swede,</subfield>
    <subfield code="e">esitt.</subfield>
  </datafield>
  <datafield tag="245" ind1="1" ind2="0">
    <subfield code="a">Hooked on a feeling.</subfield>
  </datafield>
  <datafield tag="773" ind1="0" ind2=" ">
    <subfield code="7">nncm</subfield>
    <subfield code="w">9789524612845</subfield>
    <subfield code="t">Hits 2014</subfield>
    <subfield code="h">[Nuottijulkaisu]. -</subfield>
    <subfield code="d">Helsinki : F-Kustannus, 2014. -</subfield>
    <subfield code="m">1 sävelmäkokoelma. -</subfield>
    <subfield code="z">978-952-461-284-5. -</subfield>
    <subfield code="o">979-0-55008-308-0</subfield>
  </datafield>
</record>