
<record format="MARC21" type="Bibliographic">
  <leader>00000nca a2200085 a 4500</leader>
  <controlfield tag="001">A1181579</controlfield>
  <controlfield tag="003">KONVERSIO</controlfield>
  <controlfield tag="005">20180213134822.0</controlfield>
  <controlfield tag="007">qu</controlfield>
  <controlfield tag="008">070418s2007    fi ||z|j|||||||||||||||| </controlfield>
  <datafield tag="031" ind1=" " ind2=" ">
    <subfield code="t">Lounatuuli tuo pienen laulun</subfield>
  </datafield>
  <datafield tag="035" ind1=" " ind2=" ">
    <subfield code="a">{4D811DB7-CEB7-41FB-8484-002831DFE760}</subfield>
  </datafield>
  <datafield tag="245" ind1="0" ind2="0">
    <subfield code="a">Lounatuulen laulu.</subfield>
  </datafield>
  <datafield tag="773" ind1="0" ind2=" ">
    <subfield code="7">nncm</subfield>
    <subfield code="w">9789524611268</subfield>
    <subfield code="t">Lasten oma toivelaulukirja</subfield>
    <subfield code="h">[Nuottijulkaisu]. -</subfield>
    <subfield code="b">2. p.. -</subfield>
    <subfield code="d">Helsinki : F-Kustannus, 2007. -</subfield>
    <subfield code="m">1 sävelmäkokoelma. -</subfield>
    <subfield code="z">978-952-461-126-8. -</subfield>
    <subfield code="o">M-55008-154-3</subfield>
  </datafield>
</record>