
<record format="MARC21" type="Bibliographic">
  <leader>00000nja a22     4a 4500</leader>
  <controlfield tag="001">793A589B52CD4606B2F700284C51F2FE</controlfield>
  <controlfield tag="003">KONVERSIO</controlfield>
  <controlfield tag="005">20180213134822.0</controlfield>
  <controlfield tag="007">sd||||g|||m||d</controlfield>
  <controlfield tag="008">151208s2015    gw pp|||||||||||||||||||c</controlfield>
  <datafield tag="035" ind1=" " ind2=" ">
    <subfield code="a">{793A589B-52CD-4606-B2F7-00284C51F2FE}</subfield>
  </datafield>
  <datafield tag="245" ind1="0" ind2="0">
    <subfield code="a">My heart belongs to daddy.</subfield>
  </datafield>
  <datafield tag="773" ind1="0" ind2=" ">
    <subfield code="7">nnjm</subfield>
    <subfield code="w">8DE077E4B53042F38DE68B00FAD0B79E</subfield>
    <subfield code="a">Kitt, Eartha</subfield>
    <subfield code="t">The real... Eartha Kitt</subfield>
    <subfield code="h">[Äänite]. -</subfield>
    <subfield code="d">S.l. : Sony Music Entertainment, p2015. -</subfield>
    <subfield code="m">3 CD-äänilevyä. -</subfield>
    <subfield code="o">88875099002</subfield>
  </datafield>
</record>