
<record format="MARC21" type="Bibliographic">
  <leader>00000nca a2200085 a 4500</leader>
  <controlfield tag="001">A1269610</controlfield>
  <controlfield tag="003">KONVERSIO</controlfield>
  <controlfield tag="005">20180213134822.0</controlfield>
  <controlfield tag="007">qu</controlfield>
  <controlfield tag="008">080220s2000    fi fmz|||||||||||||||||| </controlfield>
  <datafield tag="035" ind1=" " ind2=" ">
    <subfield code="a">{568C6541-FFEB-4088-A77D-0028EDDC51BC}</subfield>
  </datafield>
  <datafield tag="245" ind1="0" ind2="0">
    <subfield code="a">8-askelinen menuetti Vöyristä.</subfield>
  </datafield>
  <datafield tag="773" ind1="0" ind2=" ">
    <subfield code="7">nncm</subfield>
    <subfield code="w">A1259545</subfield>
    <subfield code="t">Pelimannisävelmiä</subfield>
    <subfield code="h">[Nuottijulkaisu]. -</subfield>
    <subfield code="b">3. p.. -</subfield>
    <subfield code="d">Helsinki : Musiikki Fazer. -</subfield>
    <subfield code="m">1 sävelmäkokoelma. -</subfield>
    <subfield code="o">FM05426-2. -</subfield>
    <subfield code="g">III</subfield>
  </datafield>
</record>