
<record format="MARC21" type="Bibliographic">
  <leader>00000nja a2200181 a 4500</leader>
  <controlfield tag="001">A1126412</controlfield>
  <controlfield tag="003">KONVERSIO</controlfield>
  <controlfield tag="005">20180213134822.0</controlfield>
  <controlfield tag="007">sd||||g|||m||d</controlfield>
  <controlfield tag="008">060926s2006    gw |||||||||||||||||ger| </controlfield>
  <datafield tag="035" ind1=" " ind2=" ">
    <subfield code="a">{819BD0A1-DBBE-4F86-8C40-00291D7D64B9}</subfield>
  </datafield>
  <datafield tag="041" ind1="0" ind2=" ">
    <subfield code="d">ger</subfield>
  </datafield>
  <datafield tag="084" ind1=" " ind2=" ">
    <subfield code="a">78.3512</subfield>
    <subfield code="2">ykl</subfield>
  </datafield>
  <datafield tag="100" ind1="1" ind2=" ">
    <subfield code="a">Wagner, Richard,</subfield>
    <subfield code="e">säv.</subfield>
  </datafield>
  <datafield tag="240" ind1="1" ind2="0">
    <subfield code="a">Tannhäuser,</subfield>
    <subfield code="n">WWV70.</subfield>
    <subfield code="p">O du mein holder Abendstern</subfield>
  </datafield>
  <datafield tag="245" ind1="1" ind2="0">
    <subfield code="a">Wie Todesahnung Dämmrung deckt die Lande - O du, mein holder Abendstern.</subfield>
  </datafield>
  <datafield tag="246" ind1="3" ind2=" ">
    <subfield code="a">Laulu iltatähdelle</subfield>
  </datafield>
  <datafield tag="700" ind1="1" ind2=" ">
    <subfield code="a">Quasthoff, Thomas,</subfield>
    <subfield code="e">Bar.</subfield>
  </datafield>
  <datafield tag="700" ind1="1" ind2=" ">
    <subfield code="a">Thielemann, Christian,</subfield>
    <subfield code="e">joht.</subfield>
  </datafield>
  <datafield tag="710" ind1="2" ind2=" ">
    <subfield code="a">Orchester der Deutschen Oper Berlin,</subfield>
    <subfield code="e">esitt.</subfield>
  </datafield>
  <datafield tag="773" ind1="0" ind2=" ">
    <subfield code="7">nnjm</subfield>
    <subfield code="w">A1104285</subfield>
    <subfield code="a">Quasthoff, Thomas</subfield>
    <subfield code="t">The voice</subfield>
    <subfield code="h">[Äänite]. -</subfield>
    <subfield code="d">Hamburg : Deutsche Grammophon, p2006. -</subfield>
    <subfield code="m">2 CD-äänilevyä. -</subfield>
    <subfield code="k">Portrait of the artist. -</subfield>
    <subfield code="o">002894776159</subfield>
  </datafield>
</record>