
<record format="MARC21" type="Bibliographic">
  <leader>00000nja a22     4a 4500</leader>
  <controlfield tag="001">F8BFDE7E20904EFB9C0E00293A6FAD7D</controlfield>
  <controlfield tag="003">KONVERSIO</controlfield>
  <controlfield tag="005">20180213134822.0</controlfield>
  <controlfield tag="007">sd||||g|||m||d</controlfield>
  <controlfield tag="008">090112quuuu2008gw pp|||||||||||||||||||c</controlfield>
  <datafield tag="035" ind1=" " ind2=" ">
    <subfield code="a">{F8BFDE7E-2090-4EFB-9C0E-00293A6FAD7D}</subfield>
  </datafield>
  <datafield tag="100" ind1="1" ind2=" ">
    <subfield code="a">Orloff, Peter,</subfield>
    <subfield code="e">esitt.</subfield>
  </datafield>
  <datafield tag="245" ind1="1" ind2="0">
    <subfield code="a">Es ist nie zu spät.</subfield>
  </datafield>
  <datafield tag="773" ind1="0" ind2=" ">
    <subfield code="7">nnjm</subfield>
    <subfield code="w">9783867355025</subfield>
    <subfield code="t">Deutsche Schlager</subfield>
    <subfield code="h">[Äänite]. -</subfield>
    <subfield code="d">[s.l.] : Sigena Music : Membran Music [jakaja], [2008]. -</subfield>
    <subfield code="m">10 CD-äänilevyä kotelossa. -</subfield>
    <subfield code="z">9783867355025. -</subfield>
    <subfield code="o">231892</subfield>
  </datafield>
</record>