
<record format="MARC21" type="Bibliographic">
  <leader>00000njm a22     4a 4500</leader>
  <controlfield tag="001">FF4E6B65D99641AE931100293C9439B8</controlfield>
  <controlfield tag="003">KONVERSIO</controlfield>
  <controlfield tag="005">20180213134822.0</controlfield>
  <controlfield tag="007">sd||||g|||m||d</controlfield>
  <controlfield tag="008">141031s2014    fi ||||j||||||||||||||||c</controlfield>
  <datafield tag="035" ind1=" " ind2=" ">
    <subfield code="a">{FF4E6B65-D996-41AE-9311-00293C9439B8}</subfield>
  </datafield>
  <datafield tag="245" ind1="0" ind2="0">
    <subfield code="a">Noidan synty.</subfield>
  </datafield>
  <datafield tag="773" ind1="0" ind2=" ">
    <subfield code="7">nncm</subfield>
    <subfield code="w">16F060A7CEBC402A961F44D738C112DD</subfield>
    <subfield code="a">Pola, Marjukka</subfield>
    <subfield code="t">Sadunmaan takatalvi : musiikkisatukirja</subfield>
    <subfield code="h">[Nuottijulkaisu]. -</subfield>
    <subfield code="b">1. p. -</subfield>
    <subfield code="d">Ikaalinen : Modus Musiikki, 2014. -</subfield>
    <subfield code="o">M197</subfield>
  </datafield>
</record>