
<record format="MARC21" type="Bibliographic">
  <leader>00000nja a2200097 a 4500</leader>
  <controlfield tag="001">A4306290</controlfield>
  <controlfield tag="003">KONVERSIO</controlfield>
  <controlfield tag="005">20180213134822.0</controlfield>
  <controlfield tag="007">sd||||g|||m||d</controlfield>
  <controlfield tag="008">160114s2016    fi jz||||||||||||||||||| </controlfield>
  <datafield tag="035" ind1=" " ind2=" ">
    <subfield code="a">{D514A452-38C7-4F25-8F15-002957C4146E}</subfield>
  </datafield>
  <datafield tag="245" ind1="0" ind2="0">
    <subfield code="a">Band wagon.</subfield>
  </datafield>
  <datafield tag="700" ind1="1" ind2=" ">
    <subfield code="a">Haavisto, Joonas,</subfield>
    <subfield code="e">esittäjä.</subfield>
  </datafield>
  <datafield tag="773" ind1="0" ind2=" ">
    <subfield code="7">nnjm</subfield>
    <subfield code="w">A4302403</subfield>
    <subfield code="a">Haavisto, Joonas</subfield>
    <subfield code="t">Oku</subfield>
    <subfield code="h">[Äänite]. -</subfield>
    <subfield code="d">[S.l.] : Fredriksson Music, p 2016. -</subfield>
    <subfield code="m">1 CD-äänilevy. -</subfield>
    <subfield code="o">FRMCD016</subfield>
  </datafield>
</record>