
<record format="MARC21" type="Bibliographic">
  <leader>00000nja a22     4a 4500</leader>
  <controlfield tag="001">4BAFE3D225B842449A6F0029D68EA46D</controlfield>
  <controlfield tag="003">KONVERSIO</controlfield>
  <controlfield tag="005">20180213134823.0</controlfield>
  <controlfield tag="007">sd||||g|||m||d</controlfield>
  <controlfield tag="008">060213 uuuu    xx |||||||||||||||||||||c</controlfield>
  <datafield tag="035" ind1=" " ind2=" ">
    <subfield code="a">{4BAFE3D2-25B8-4244-9A6F-0029D68EA46D}</subfield>
  </datafield>
  <datafield tag="245" ind1="0" ind2="0">
    <subfield code="a">Joulutulet.</subfield>
  </datafield>
  <datafield tag="773" ind1="0" ind2=" ">
    <subfield code="7">nnjm</subfield>
    <subfield code="w">A0553663</subfield>
    <subfield code="a">Pellekaija Pum</subfield>
    <subfield code="t">Jouluntaika : uusia joululauluja</subfield>
    <subfield code="h">[Äänite]. -</subfield>
    <subfield code="d">Helsinki : Daigado, p2000. -</subfield>
    <subfield code="m">1 CD-äänilevy. -</subfield>
    <subfield code="o">PUMCD-003</subfield>
  </datafield>
</record>