
<record format="MARC21" type="Bibliographic">
  <leader>00000nfm a2200313 a 4500</leader>
  <controlfield tag="001">9789522660749</controlfield>
  <controlfield tag="003">KONVERSIO</controlfield>
  <controlfield tag="005">20180213134823.0</controlfield>
  <controlfield tag="007">au|c||||</controlfield>
  <controlfield tag="008">121123s2012    fi |||||||a|| ||1|||fin| </controlfield>
  <datafield tag="020" ind1=" " ind2=" ">
    <subfield code="a">978-952-266-074-9</subfield>
  </datafield>
  <datafield tag="024" ind1="3" ind2=" ">
    <subfield code="a">9789522660749</subfield>
  </datafield>
  <datafield tag="034" ind1="1" ind2=" ">
    <subfield code="a">a</subfield>
    <subfield code="b">00050000</subfield>
  </datafield>
  <datafield tag="035" ind1=" " ind2=" ">
    <subfield code="a">{552A759C-2C6D-4490-A338-002A4322AD07}</subfield>
  </datafield>
  <datafield tag="041" ind1="0" ind2=" ">
    <subfield code="a">fin</subfield>
    <subfield code="a">swe</subfield>
    <subfield code="a">eng</subfield>
    <subfield code="a">ger</subfield>
  </datafield>
  <datafield tag="045" ind1=" " ind2=" ">
    <subfield code="b">d2012</subfield>
  </datafield>
  <datafield tag="084" ind1=" " ind2=" ">
    <subfield code="a">42.902</subfield>
    <subfield code="2">ykl</subfield>
  </datafield>
  <datafield tag="245" ind1="0" ind2="0">
    <subfield code="a">Halti-Kilpisjärvi</subfield>
    <subfield code="h">[Kartta-aineisto] :</subfield>
    <subfield code="b">ulkoilukartta = friluftskarta = outdoor map = Wanderkarte.</subfield>
  </datafield>
  <datafield tag="246" ind1="3" ind2=" ">
    <subfield code="a">Kilpisjärvi : ulkoilukartta</subfield>
  </datafield>
  <datafield tag="255" ind1=" " ind2=" ">
    <subfield code="a">1:50000.</subfield>
  </datafield>
  <datafield tag="260" ind1=" " ind2=" ">
    <subfield code="a">Helsinki :</subfield>
    <subfield code="b">Karttakeskus,</subfield>
    <subfield code="c">2012</subfield>
    <subfield code="e">(Helsinki :</subfield>
    <subfield code="f">Lönnberg Promo)</subfield>
  </datafield>
  <datafield tag="300" ind1=" " ind2=" ">
    <subfield code="a">1 kartta :</subfield>
    <subfield code="b">vär. ;</subfield>
    <subfield code="c">84 x 120 cm, taitettuna 21 x 10 cm.</subfield>
  </datafield>
  <datafield tag="490" ind1="1" ind2=" ">
    <subfield code="a">Karttakeskus ulkoilukartat</subfield>
  </datafield>
  <datafield tag="505" ind1="0" ind2=" ">
    <subfield code="a">Sisältää luettelot: Autiotuvat ; Varaustuvat ; Vuokrakämpät. - Sisältää myö.</subfield>
  </datafield>
  <datafield tag="650" ind1=" " ind2="7">
    <subfield code="a">retkeilyreitit</subfield>
    <subfield code="z">Enontekiö</subfield>
    <subfield code="z">Kilpisjärvi</subfield>
    <subfield code="2">ysa</subfield>
  </datafield>
  <datafield tag="650" ind1=" " ind2="7">
    <subfield code="a">ulkoilureitit</subfield>
    <subfield code="z">Enontekiö</subfield>
    <subfield code="z">Kilpisjärvi</subfield>
    <subfield code="2">ysa</subfield>
  </datafield>
  <datafield tag="650" ind1=" " ind2="7">
    <subfield code="a">retkeily</subfield>
    <subfield code="x">kartat</subfield>
    <subfield code="z">Lappi</subfield>
    <subfield code="2">ysa</subfield>
  </datafield>
  <datafield tag="650" ind1=" " ind2="7">
    <subfield code="a">vaellus</subfield>
    <subfield code="x">kartat</subfield>
    <subfield code="z">Lappi</subfield>
    <subfield code="2">ysa</subfield>
  </datafield>
  <datafield tag="650" ind1=" " ind2="7">
    <subfield code="a">matkailukartat</subfield>
    <subfield code="z">Lappi</subfield>
    <subfield code="2">ysa</subfield>
  </datafield>
  <datafield tag="651" ind1=" " ind2="7">
    <subfield code="a">Lappi</subfield>
    <subfield code="x">kartat</subfield>
    <subfield code="2">ysa</subfield>
  </datafield>
  <datafield tag="651" ind1=" " ind2="7">
    <subfield code="a">Enontekiö</subfield>
    <subfield code="z">Kilpisjärvi</subfield>
    <subfield code="x">kartat</subfield>
    <subfield code="2">ysa</subfield>
  </datafield>
  <datafield tag="710" ind1="2" ind2=" ">
    <subfield code="a">Karttakeskus.</subfield>
  </datafield>
  <datafield tag="830" ind1=" " ind2="0">
    <subfield code="a">Karttakeskus ulkoilukartat.</subfield>
  </datafield>
  

  
</record>