
<record format="MARC21" type="Bibliographic">
  <leader>00000nca a22     4a 4500</leader>
  <controlfield tag="001">29F18802DFF344C99482002A4D52C9FA</controlfield>
  <controlfield tag="003">KONVERSIO</controlfield>
  <controlfield tag="005">20180213134823.0</controlfield>
  <controlfield tag="007">qu</controlfield>
  <controlfield tag="008">050617 uuuu    xx |||||||||||||||||fin|c</controlfield>
  <datafield tag="035" ind1=" " ind2=" ">
    <subfield code="a">{29F18802-DFF3-44C9-9482-002A4D52C9FA}</subfield>
  </datafield>
  <datafield tag="041" ind1="0" ind2=" ">
    <subfield code="a">fin</subfield>
    <subfield code="a">swe</subfield>
  </datafield>
  <datafield tag="245" ind1="0" ind2="0">
    <subfield code="a">Taas kaikki kauniit muistot =</subfield>
    <subfield code="b">Nu komma alla minnen /</subfield>
    <subfield code="c">säv. Sulho Ranta.</subfield>
  </datafield>
  <datafield tag="773" ind1="0" ind2=" ">
    <subfield code="7">nncm</subfield>
    <subfield code="w">9517576978</subfield>
    <subfield code="t">Suuri toivelaulukirja</subfield>
    <subfield code="h">[Nuottijulkaisu]. -</subfield>
    <subfield code="d">Helsinki : Warner/Chappell Music Finland. -</subfield>
    <subfield code="m">laulukirja. -</subfield>
    <subfield code="z">951-757-697-8</subfield>
  </datafield>
</record>