
<record format="MARC21" type="Bibliographic">
  <leader>00000nca a2200097 a 4500</leader>
  <controlfield tag="001">1B5AA94FEEDA4A83AE6D002A959BDEAA</controlfield>
  <controlfield tag="003">KONVERSIO</controlfield>
  <controlfield tag="005">20180213134823.0</controlfield>
  <controlfield tag="007">qu</controlfield>
  <controlfield tag="008">090408s2009    fi ||z|||||||||||||||||| </controlfield>
  <datafield tag="035" ind1=" " ind2=" ">
    <subfield code="a">{1B5AA94F-EEDA-4A83-AE6D-002A959BDEAA}</subfield>
  </datafield>
  <datafield tag="100" ind1="1" ind2=" ">
    <subfield code="a">Pachelbel, Johann,</subfield>
    <subfield code="e">säv.</subfield>
  </datafield>
  <datafield tag="245" ind1="1" ind2="0">
    <subfield code="a">Kaanon.</subfield>
  </datafield>
  <datafield tag="773" ind1="0" ind2=" ">
    <subfield code="7">nncm</subfield>
    <subfield code="w">9789515804488</subfield>
    <subfield code="a">Kaikkonen, Markku</subfield>
    <subfield code="t">Kuvionuotit</subfield>
    <subfield code="h">[Nuottijulkaisu]. -</subfield>
    <subfield code="d">[Helsinki] : Kehitysvammaliitto, c2009. -</subfield>
    <subfield code="m">1 soitonopas. -</subfield>
    <subfield code="k">Opike-sarja. -</subfield>
    <subfield code="z">978-951-580-448-8. -</subfield>
    <subfield code="g">3</subfield>
  </datafield>
</record>