
<record format="MARC21" type="Bibliographic">
  <leader>00000nam a2200109 a 4500</leader>
  <controlfield tag="001">A4352695</controlfield>
  <controlfield tag="003">KONVERSIO</controlfield>
  <controlfield tag="005">20180213134823.0</controlfield>
  <controlfield tag="007">ou</controlfield>
  <controlfield tag="008">160518s2016    fi |||||||||| |||| |fin| </controlfield>
  <datafield tag="035" ind1=" " ind2=" ">
    <subfield code="a">{2A9A7B84-CA0C-4B65-9408-002ACE9897E0}</subfield>
  </datafield>
  <datafield tag="041" ind1="0" ind2=" ">
    <subfield code="a">fin</subfield>
  </datafield>
  <datafield tag="245" ind1="0" ind2="0">
    <subfield code="a">Toukkavauva.</subfield>
  </datafield>
  <datafield tag="710" ind1="2" ind2=" ">
    <subfield code="a">Pikku Papun Orkesteri,</subfield>
    <subfield code="e">esittäjä.</subfield>
  </datafield>
  <datafield tag="773" ind1="0" ind2=" ">
    <subfield code="7">nnam</subfield>
    <subfield code="w">9789513187101</subfield>
    <subfield code="a">Kallio, Liisa</subfield>
    <subfield code="t">Pikku Papun orkesteri</subfield>
    <subfield code="h">[Moniviestin]. -</subfield>
    <subfield code="d">Helsinki : Tammi, [2016]. -</subfield>
    <subfield code="m">1 kirja (45 s. : kuv., nuott. ; 27 cm), 1 CD-äänilevy. -</subfield>
    <subfield code="z">978-951-31-8710-1</subfield>
  </datafield>
</record>