
<record format="MARC21" type="Bibliographic">
  <leader>00000nja a2200133 a 4500</leader>
  <controlfield tag="001">A1852419</controlfield>
  <controlfield tag="003">KONVERSIO</controlfield>
  <controlfield tag="005">20180213134823.0</controlfield>
  <controlfield tag="007">sd||||g|||m||d</controlfield>
  <controlfield tag="008">120914s2012    fi rc|||||||||||||||fin| </controlfield>
  <datafield tag="035" ind1=" " ind2=" ">
    <subfield code="a">{8E568837-EA55-4CB8-8DD9-002AEC17911E}</subfield>
  </datafield>
  <datafield tag="041" ind1="0" ind2=" ">
    <subfield code="d">fin</subfield>
  </datafield>
  <datafield tag="100" ind1="0" ind2=" ">
    <subfield code="a">Danny,</subfield>
    <subfield code="e">esitt.</subfield>
  </datafield>
  <datafield tag="240" ind1="1" ind2="0">
    <subfield code="a">Letting go</subfield>
  </datafield>
  <datafield tag="245" ind1="1" ind2="0">
    <subfield code="a">Sä mulle olet vain.</subfield>
  </datafield>
  <datafield tag="260" ind1=" " ind2=" ">
    <subfield code="c">p1976.</subfield>
  </datafield>
  <datafield tag="773" ind1="0" ind2=" ">
    <subfield code="7">nnjm</subfield>
    <subfield code="w">A1840608</subfield>
    <subfield code="t">Elä ja anna toisten kuolla : helmiä John, Paul, George &amp; Ringo -laulukirjas</subfield>
    <subfield code="h">[Äänite]. -</subfield>
    <subfield code="d">[S.l.] : EMI Finland, c2012. -</subfield>
    <subfield code="m">1 CD-äänilevy. -</subfield>
    <subfield code="o">5099997262022</subfield>
  </datafield>
</record>