
<record format="MARC21" type="Bibliographic">
  <leader>00000nca a22     4a 4500</leader>
  <controlfield tag="001">410C47D4F62945AE9A68002B99950BB5</controlfield>
  <controlfield tag="003">KONVERSIO</controlfield>
  <controlfield tag="005">20180213134823.0</controlfield>
  <controlfield tag="007">qu</controlfield>
  <controlfield tag="008">070504 uuuu    xx |||||||||||||||||zxx|c</controlfield>
  <datafield tag="035" ind1=" " ind2=" ">
    <subfield code="a">{410C47D4-F629-45AE-9A68-002B99950BB5}</subfield>
  </datafield>
  <datafield tag="041" ind1="0" ind2=" ">
    <subfield code="a">zxx</subfield>
  </datafield>
  <datafield tag="245" ind1="0" ind2="0">
    <subfield code="a">Kevyesti koskettimilla.</subfield>
  </datafield>
  <datafield tag="773" ind1="0" ind2=" ">
    <subfield code="7">nncm</subfield>
    <subfield code="w">6803ECBCA31800A307490030050E2A61</subfield>
    <subfield code="a">Jutila, Unto</subfield>
    <subfield code="t">Unto Jutilan harmonikkasooloja</subfield>
    <subfield code="h">[Nuottijulkaisu]. -</subfield>
    <subfield code="d">[s.l.] : [s.n.], c1981. -</subfield>
    <subfield code="m">1 soolonuotti</subfield>
  </datafield>
</record>