
<record format="MARC21" type="Bibliographic">
  <leader>00000nca a2200097 a 4500</leader>
  <controlfield tag="001">A1044401</controlfield>
  <controlfield tag="003">KONVERSIO</controlfield>
  <controlfield tag="005">20180213134823.0</controlfield>
  <controlfield tag="008">051122s2004    xxu||z|||||||||||||||||| </controlfield>
  <datafield tag="035" ind1=" " ind2=" ">
    <subfield code="a">{C08AD60D-61B5-4CA0-AA4D-002BB61BF312}</subfield>
  </datafield>
  <datafield tag="084" ind1=" " ind2=" ">
    <subfield code="a">78.61</subfield>
    <subfield code="2">ykl</subfield>
  </datafield>
  <datafield tag="245" ind1="0" ind2="0">
    <subfield code="a">Be thou my vision.</subfield>
  </datafield>
  <datafield tag="773" ind1="0" ind2=" ">
    <subfield code="7">nnmm</subfield>
    <subfield code="w">159235095X</subfield>
    <subfield code="t">Well-tempered weddings : the complete wedding book for pianists</subfield>
    <subfield code="h">[Moniviestin]. -</subfield>
    <subfield code="d">New York : GlorySound, c2004. -</subfield>
    <subfield code="m">1 sävelmäkokoelma kotelossa. -</subfield>
    <subfield code="z">1-59235-095-X. -</subfield>
    <subfield code="o">M5053</subfield>
  </datafield>
</record>