
<record format="MARC21" type="Bibliographic">
  <leader>00000nca a2200085 a 4500</leader>
  <controlfield tag="001">A1086376</controlfield>
  <controlfield tag="003">KONVERSIO</controlfield>
  <controlfield tag="005">20180213134823.0</controlfield>
  <controlfield tag="007">qu</controlfield>
  <controlfield tag="008">060413s2004    xxujzz|||||||||||||||||| </controlfield>
  <datafield tag="035" ind1=" " ind2=" ">
    <subfield code="a">{6FAF137A-D827-468F-9306-002BCBCF5AEF}</subfield>
  </datafield>
  <datafield tag="245" ind1="0" ind2="0">
    <subfield code="a">Aha!.</subfield>
  </datafield>
  <datafield tag="773" ind1="0" ind2=" ">
    <subfield code="7">nncm</subfield>
    <subfield code="w">0757936571</subfield>
    <subfield code="a">Mintzer, Bob</subfield>
    <subfield code="t">12 contemporary jazz etudes</subfield>
    <subfield code="h">[Nuottijulkaisu]. -</subfield>
    <subfield code="d">Miami (FL) : Warner ; London : International Music Publications. -</subfield>
    <subfield code="m">1 soolonuotti. -</subfield>
    <subfield code="z">0-7579-3657-1. -</subfield>
    <subfield code="o">ELM04015</subfield>
  </datafield>
</record>