
<record format="MARC21" type="Bibliographic">
  <leader>00000nja a22     4a 4500</leader>
  <controlfield tag="001">4F27D51DAE124F918118002BD3C59387</controlfield>
  <controlfield tag="003">KONVERSIO</controlfield>
  <controlfield tag="005">20180213134823.0</controlfield>
  <controlfield tag="007">sd||||g|||m||d</controlfield>
  <controlfield tag="008">090218s2005    xxupp|||||||||||||||||||c</controlfield>
  <datafield tag="035" ind1=" " ind2=" ">
    <subfield code="a">{4F27D51D-AE12-4F91-8118-002BD3C59387}</subfield>
  </datafield>
  <datafield tag="245" ind1="0" ind2="0">
    <subfield code="a">Casi.</subfield>
  </datafield>
  <datafield tag="773" ind1="0" ind2=" ">
    <subfield code="7">nnjm</subfield>
    <subfield code="w">92A52B1EA36B42D29B84996D1F39D8BB</subfield>
    <subfield code="a">Gómez, Marta</subfield>
    <subfield code="t">Entre gada palabra</subfield>
    <subfield code="h">[Äänite]. -</subfield>
    <subfield code="d">[s.l.] : Chesky Records, p2005. -</subfield>
    <subfield code="m">1 CD-äänilevy. -</subfield>
    <subfield code="o">JD301</subfield>
  </datafield>
</record>