
<record format="MARC21" type="Bibliographic">
  <leader>00000nja a22     4a 4500</leader>
  <controlfield tag="001">222254DD71554F0AB312002C8CC280D2</controlfield>
  <controlfield tag="003">KONVERSIO</controlfield>
  <controlfield tag="005">20180213134823.0</controlfield>
  <controlfield tag="007">sd||||g|||m||d</controlfield>
  <controlfield tag="008">130116s2012    xxurc|||||||||||||||||||c</controlfield>
  <datafield tag="035" ind1=" " ind2=" ">
    <subfield code="a">{222254DD-7155-4F0A-B312-002C8CC280D2}</subfield>
  </datafield>
  <datafield tag="245" ind1="0" ind2="0">
    <subfield code="a">Amanda.</subfield>
  </datafield>
  <datafield tag="773" ind1="0" ind2=" ">
    <subfield code="7">nnjm</subfield>
    <subfield code="w">8C6BC8DC75F149E3A7A2F8DD087FCECA</subfield>
    <subfield code="a">Green Day</subfield>
    <subfield code="t">¡Tré!</subfield>
    <subfield code="h">[Äänite]. -</subfield>
    <subfield code="d">[S.l.] : Reprise Records : WEA International, p2012. -</subfield>
    <subfield code="m">1 CD-äänilevy. -</subfield>
    <subfield code="o">9362494864</subfield>
  </datafield>
</record>