
<record format="MARC21" type="Bibliographic">
  <leader>00000nca a22     4a 4500</leader>
  <controlfield tag="001">C77F3D2B95CA4FC7AC90002D1392BBF7</controlfield>
  <controlfield tag="003">KONVERSIO</controlfield>
  <controlfield tag="005">20180213134823.0</controlfield>
  <controlfield tag="007">qu</controlfield>
  <controlfield tag="008">140904q19891991xxurcz||||||||||||||||||c</controlfield>
  <datafield tag="035" ind1=" " ind2=" ">
    <subfield code="a">{C77F3D2B-95CA-4FC7-AC90-002D1392BBF7}</subfield>
  </datafield>
  <datafield tag="245" ind1="0" ind2="4">
    <subfield code="a">The morning after.</subfield>
  </datafield>
  <datafield tag="773" ind1="0" ind2=" ">
    <subfield code="7">nncm</subfield>
    <subfield code="w">B736247AA31800A307490030050E2A61</subfield>
    <subfield code="t">Giant collection : more than 150 songs</subfield>
    <subfield code="h">[Nuottijulkaisu]. -</subfield>
    <subfield code="d">[S.l.] : [Warner Bros.], [1989]. -</subfield>
    <subfield code="m">1 soolonuotti. -</subfield>
    <subfield code="k">Dan Coates electronic keyboard series. -</subfield>
    <subfield code="o">PF0704</subfield>
  </datafield>
</record>