
<record format="MARC21" type="Bibliographic">
  <leader>00000nca a22     4a 4500</leader>
  <controlfield tag="001">4EEE7C9FA12849EEBF4E002D16BC694C</controlfield>
  <controlfield tag="003">KONVERSIO</controlfield>
  <controlfield tag="005">20180213134823.0</controlfield>
  <controlfield tag="007">qu</controlfield>
  <controlfield tag="008">110922s2011    fi ||z|j||||||||||||||||c</controlfield>
  <datafield tag="031" ind1=" " ind2=" ">
    <subfield code="t">Tien laidassa oli mökki</subfield>
  </datafield>
  <datafield tag="035" ind1=" " ind2=" ">
    <subfield code="a">{4EEE7C9F-A128-49EE-BF4E-002D16BC694C}</subfield>
  </datafield>
  <datafield tag="245" ind1="0" ind2="0">
    <subfield code="a">Hirsilaulu.</subfield>
  </datafield>
  <datafield tag="773" ind1="0" ind2=" ">
    <subfield code="7">nncm</subfield>
    <subfield code="w">9789521607554</subfield>
    <subfield code="t">Häntä pystyyn! : laulu- ja rytmileikkejä</subfield>
    <subfield code="h">[Nuottijulkaisu]. -</subfield>
    <subfield code="b">3. painos. -</subfield>
    <subfield code="d">Helsinki : Kolibri, 2005. -</subfield>
    <subfield code="m">1 sävelmäkokoelma. -</subfield>
    <subfield code="z">978-952-16-0755-4</subfield>
  </datafield>
</record>