
<record format="MARC21" type="Bibliographic">
  <leader>00000nja a2200085 a 4500</leader>
  <controlfield tag="001">A1187187</controlfield>
  <controlfield tag="003">KONVERSIO</controlfield>
  <controlfield tag="005">20180213134823.0</controlfield>
  <controlfield tag="007">sd||||g|||m||d</controlfield>
  <controlfield tag="008">070507s2007    fi pp||||||||||||||||||| </controlfield>
  <datafield tag="035" ind1=" " ind2=" ">
    <subfield code="a">{7050B010-1DCF-41AF-A3CB-002D352FAAA4}</subfield>
  </datafield>
  <datafield tag="245" ind1="0" ind2="0">
    <subfield code="a">Niin tai näin.</subfield>
  </datafield>
  <datafield tag="773" ind1="0" ind2=" ">
    <subfield code="7">nnjm</subfield>
    <subfield code="w">A1177256</subfield>
    <subfield code="a">Finlanders</subfield>
    <subfield code="t">Mitä sulle kuuluu?</subfield>
    <subfield code="h">[Äänite]. -</subfield>
    <subfield code="d">[s.l.] : Finlanders Productions : MTG, 2007. -</subfield>
    <subfield code="m">1 CD-äänilevy. -</subfield>
    <subfield code="o">MTGCD0703</subfield>
  </datafield>
</record>