
<record format="MARC21" type="Bibliographic">
  <leader>00000nja a2200097 a 4500</leader>
  <controlfield tag="001">A1348064</controlfield>
  <controlfield tag="003">KONVERSIO</controlfield>
  <controlfield tag="005">20180213134823.0</controlfield>
  <controlfield tag="007">sd||||g|||m||d</controlfield>
  <controlfield tag="008">081104s2008    fi ||||j|||||||||||||||| </controlfield>
  <datafield tag="035" ind1=" " ind2=" ">
    <subfield code="a">{EEFCF7BA-C0E8-448C-963A-002D42244D24}</subfield>
  </datafield>
  <datafield tag="100" ind1="1" ind2=" ">
    <subfield code="a">Sippola, Laura,</subfield>
    <subfield code="e">esitt.</subfield>
  </datafield>
  <datafield tag="245" ind1="1" ind2="0">
    <subfield code="a">Piukusuu.</subfield>
  </datafield>
  <datafield tag="773" ind1="0" ind2=" ">
    <subfield code="7">nnjm</subfield>
    <subfield code="w">A1337356</subfield>
    <subfield code="t">Ipanapa</subfield>
    <subfield code="h">[Äänite]. -</subfield>
    <subfield code="d">[Helsinki] : EMI Finland ; [S.l.] : Manta Ray Holdings. -</subfield>
    <subfield code="m">1 CD-äänilevy. -</subfield>
    <subfield code="o">5099926458427. -</subfield>
    <subfield code="g">2</subfield>
  </datafield>
</record>