
<record format="MARC21" type="Bibliographic">
  <leader>00000nga a2200205 a 4500</leader>
  <controlfield tag="001">A1048554</controlfield>
  <controlfield tag="003">KONVERSIO</controlfield>
  <controlfield tag="005">20180213134823.0</controlfield>
  <controlfield tag="007">vd|cg||||</controlfield>
  <controlfield tag="008">051207s2005    fr ||||| |||||||||z|lat| </controlfield>
  <datafield tag="033" ind1="0" ind2=" ">
    <subfield code="a">2000----</subfield>
  </datafield>
  <datafield tag="035" ind1=" " ind2=" ">
    <subfield code="a">{8E2AB41E-A44C-4E00-B331-002E2DDEA4EC}</subfield>
  </datafield>
  <datafield tag="041" ind1="0" ind2=" ">
    <subfield code="a">lat</subfield>
  </datafield>
  <datafield tag="084" ind1=" " ind2=" ">
    <subfield code="a">78.344</subfield>
    <subfield code="2">ykl</subfield>
  </datafield>
  <datafield tag="100" ind1="1" ind2=" ">
    <subfield code="a">Pärt, Arvo,</subfield>
    <subfield code="e">säv.</subfield>
  </datafield>
  <datafield tag="240" ind1="1" ind2="0">
    <subfield code="a">Cecilia, vergine romana</subfield>
  </datafield>
  <datafield tag="245" ind1="1" ind2="0">
    <subfield code="a">Cecilia.</subfield>
  </datafield>
  <datafield tag="500" ind1=" " ind2=" ">
    <subfield code="a">Harjoitus ja esitys.</subfield>
  </datafield>
  <datafield tag="650" ind1=" " ind2="7">
    <subfield code="a">kuoromusiikki</subfield>
    <subfield code="z">Viro</subfield>
    <subfield code="y">2000-2009</subfield>
    <subfield code="2">musa</subfield>
  </datafield>
  <datafield tag="700" ind1="1" ind2=" ">
    <subfield code="a">Chung, Myung-Whun,</subfield>
    <subfield code="e">joht.</subfield>
  </datafield>
  <datafield tag="710" ind1="2" ind2=" ">
    <subfield code="a">Orchestra dell&apos;Accademia di Santa Cecilia,</subfield>
    <subfield code="e">esitt.</subfield>
  </datafield>
  <datafield tag="710" ind1="2" ind2=" ">
    <subfield code="a">Coro dell&apos;Accademia di Santa Cecilia,</subfield>
    <subfield code="e">esitt.</subfield>
  </datafield>
  <datafield tag="773" ind1="0" ind2=" ">
    <subfield code="7">nngm</subfield>
    <subfield code="w">A1032253</subfield>
    <subfield code="t">Arvo Pärt : 24 preludes for a fugue</subfield>
    <subfield code="h">[Videotallenne]. -</subfield>
    <subfield code="d">[Paris] : Idéale Audience International, c2005. -</subfield>
    <subfield code="m">1 DVD-videolevy. -</subfield>
    <subfield code="k">Juxtapositions. -</subfield>
    <subfield code="o">DVD9DS09</subfield>
  </datafield>
</record>