
<record format="MARC21" type="Bibliographic">
  <leader>00000nja a22     4a 4500</leader>
  <controlfield tag="001">222B93480B0746D8AD3F002E43D85F1D</controlfield>
  <controlfield tag="003">KONVERSIO</controlfield>
  <controlfield tag="005">20180213134823.0</controlfield>
  <controlfield tag="007">sd||||g|||m||d</controlfield>
  <controlfield tag="008">121009s2012    fi gm|||||||||||||||||||c</controlfield>
  <datafield tag="035" ind1=" " ind2=" ">
    <subfield code="a">{222B9348-0B07-46D8-AD3F-002E43D85F1D}</subfield>
  </datafield>
  <datafield tag="245" ind1="0" ind2="0">
    <subfield code="a">Toisen maailman ruhtinaat.</subfield>
  </datafield>
  <datafield tag="773" ind1="0" ind2=" ">
    <subfield code="7">nnjm</subfield>
    <subfield code="w">44737675BBA6464684D82DA8820083E8</subfield>
    <subfield code="a">Saraste</subfield>
    <subfield code="t">Toisen maailman ruhtinaat</subfield>
    <subfield code="h">[Äänite]. -</subfield>
    <subfield code="d">[S.l.] : Saraste, p2012. -</subfield>
    <subfield code="m">1 CD-äänilevy. -</subfield>
    <subfield code="o">SAR003</subfield>
  </datafield>
</record>