
<record format="MARC21" type="Bibliographic">
  <leader>00000nja a2200085 a 4500</leader>
  <controlfield tag="001">A1294759</controlfield>
  <controlfield tag="003">KONVERSIO</controlfield>
  <controlfield tag="005">20180213134823.0</controlfield>
  <controlfield tag="007">sd||||g|||m||d</controlfield>
  <controlfield tag="008">080506s2008    fi rc||||||||||||||||||| </controlfield>
  <datafield tag="035" ind1=" " ind2=" ">
    <subfield code="a">{9236C6D4-CAD6-4665-9C75-002E5AEC7B4F}</subfield>
  </datafield>
  <datafield tag="245" ind1="0" ind2="0">
    <subfield code="a">Se ei suostu katoamaan.</subfield>
  </datafield>
  <datafield tag="773" ind1="0" ind2=" ">
    <subfield code="7">nnjm</subfield>
    <subfield code="w">A1281637</subfield>
    <subfield code="a">Iivanainen, Johanna</subfield>
    <subfield code="t">Outoja maita</subfield>
    <subfield code="h">[Äänite]. -</subfield>
    <subfield code="d">[Helsinki] : Texicalli Records, p2008. -</subfield>
    <subfield code="m">1 CD-äänilevy. -</subfield>
    <subfield code="o">TEXCD088</subfield>
  </datafield>
</record>