
<record format="MARC21" type="Bibliographic">
  <leader>00000ncm a22     4a 4500</leader>
  <controlfield tag="001">EE96C3C15D6444529008002F3BC8C951</controlfield>
  <controlfield tag="003">KONVERSIO</controlfield>
  <controlfield tag="005">20180213134823.0</controlfield>
  <controlfield tag="007">qu</controlfield>
  <controlfield tag="008">140508s2012    fi gmz|j||||||||||||||||c</controlfield>
  <datafield tag="031" ind1=" " ind2=" ">
    <subfield code="t">Piparintuoksua, tonttujen</subfield>
  </datafield>
  <datafield tag="035" ind1=" " ind2=" ">
    <subfield code="a">{EE96C3C1-5D64-4452-9008-002F3BC8C951}</subfield>
  </datafield>
  <datafield tag="245" ind1="0" ind2="0">
    <subfield code="a">Joulu saapuu jokaiselle.</subfield>
  </datafield>
  <datafield tag="773" ind1="0" ind2=" ">
    <subfield code="7">nnmm</subfield>
    <subfield code="w">B9C8A01AD47A4E2789A59255426E4991</subfield>
    <subfield code="t">Laula, leiki Lasten virsi</subfield>
    <subfield code="h">[Moniviestin]. -</subfield>
    <subfield code="d">Helsinki : Lasten Keskus : Seurakuntien Lapsityön Keskus, 2014. -</subfield>
    <subfield code="m">2 kirjaa + 4 CD-äänilevyä. -</subfield>
    <subfield code="z">749LLLV</subfield>
  </datafield>
</record>