
<record format="MARC21" type="Bibliographic">
  <leader>00000nja a2200085 a 4500</leader>
  <controlfield tag="001">A1518493</controlfield>
  <controlfield tag="003">KONVERSIO</controlfield>
  <controlfield tag="005">20180213134823.0</controlfield>
  <controlfield tag="007">sd||||g|||m||d</controlfield>
  <controlfield tag="008">100802s2008    xxkjz||||||||||||||||||| </controlfield>
  <datafield tag="035" ind1=" " ind2=" ">
    <subfield code="a">{E8BAEA1F-2481-4D29-B491-002F8CD52DE6}</subfield>
  </datafield>
  <datafield tag="245" ind1="0" ind2="0">
    <subfield code="a">Blue sands.</subfield>
  </datafield>
  <datafield tag="773" ind1="0" ind2=" ">
    <subfield code="7">nnjm</subfield>
    <subfield code="w">A1491124</subfield>
    <subfield code="a">Hamilton, Chico</subfield>
    <subfield code="t">Three classic albums : plus six Chico Hamilton Trio and one Duo tracks</subfield>
    <subfield code="h">[Äänite]. -</subfield>
    <subfield code="d">[S.l.] : Avid Entertainment, p2008. -</subfield>
    <subfield code="m">2 CD-äänilevyä. -</subfield>
    <subfield code="o">AMSC949</subfield>
  </datafield>
</record>