
<record format="MARC21" type="Bibliographic">
  <leader>00000nam a2200385 a 4500</leader>
  <controlfield tag="001">9789522021182</controlfield>
  <controlfield tag="003">KONVERSIO</controlfield>
  <controlfield tag="005">20180213134823.0</controlfield>
  <controlfield tag="008">090105s2009    fi |||||||||| ||||f|fin| </controlfield>
  <datafield tag="020" ind1=" " ind2=" ">
    <subfield code="a">978-952-202-118-2</subfield>
    <subfield code="q">sid.</subfield>
  </datafield>
  <datafield tag="035" ind1=" " ind2=" ">
    <subfield code="a">{AFBE4063-D217-4C21-A70E-002FA962F8BB}</subfield>
  </datafield>
  <datafield tag="041" ind1="0" ind2=" ">
    <subfield code="a">fin</subfield>
  </datafield>
  <datafield tag="084" ind1=" " ind2=" ">
    <subfield code="a">84.2</subfield>
    <subfield code="2">ykl</subfield>
  </datafield>
  <datafield tag="084" ind1="9" ind2=" ">
    <subfield code="a">Jännitys</subfield>
    <subfield code="2">ykl</subfield>
  </datafield>
  <datafield tag="100" ind1="1" ind2=" ">
    <subfield code="a">Linna, Martti.</subfield>
  </datafield>
  <datafield tag="245" ind1="1" ind2="0">
    <subfield code="a">Tammikoti :</subfield>
    <subfield code="b">avioliitto- ja rikosromaani /</subfield>
    <subfield code="c">Martti Linna.</subfield>
  </datafield>
  <datafield tag="260" ind1=" " ind2=" ">
    <subfield code="a">Suomussalmi :</subfield>
    <subfield code="b">Myllylahti,</subfield>
    <subfield code="c">2009.</subfield>
  </datafield>
  <datafield tag="300" ind1=" " ind2=" ">
    <subfield code="a">236 s. ;</subfield>
    <subfield code="c">22 cm.</subfield>
  </datafield>
  <datafield tag="600" ind1="1" ind2="4">
    <subfield code="a">Sudenmaa, Reijo,</subfield>
    <subfield code="c">fikt.</subfield>
  </datafield>
  <datafield tag="600" ind1="1" ind2="4">
    <subfield code="a">Sudenmaa, Irene,</subfield>
    <subfield code="c">fikt.</subfield>
  </datafield>
  <datafield tag="650" ind1=" " ind2="7">
    <subfield code="a">rikoskirjallisuus</subfield>
    <subfield code="2">kaunokki</subfield>
  </datafield>
  <datafield tag="650" ind1=" " ind2="7">
    <subfield code="a">psykologiset romaanit</subfield>
    <subfield code="2">kaunokki</subfield>
  </datafield>
  <datafield tag="650" ind1=" " ind2="7">
    <subfield code="a">poliisikirjallisuus</subfield>
    <subfield code="2">kaunokki</subfield>
  </datafield>
  <datafield tag="650" ind1=" " ind2="7">
    <subfield code="a">intertekstuaalisuus</subfield>
    <subfield code="x">Nimettömät alkoholistit</subfield>
    <subfield code="2">kaunokki</subfield>
  </datafield>
  <datafield tag="650" ind1=" " ind2="7">
    <subfield code="a">avioero</subfield>
    <subfield code="x">valmennus</subfield>
    <subfield code="x">kurssit</subfield>
    <subfield code="2">kaunokki</subfield>
  </datafield>
  <datafield tag="650" ind1=" " ind2="7">
    <subfield code="a">ryhmäterapia</subfield>
    <subfield code="2">kaunokki</subfield>
  </datafield>
  <datafield tag="650" ind1=" " ind2="7">
    <subfield code="a">myllyhoito</subfield>
    <subfield code="2">kaunokki</subfield>
  </datafield>
  <datafield tag="650" ind1=" " ind2="7">
    <subfield code="a">parisuhde</subfield>
    <subfield code="x">eronneet</subfield>
    <subfield code="2">kaunokki</subfield>
  </datafield>
  <datafield tag="650" ind1=" " ind2="7">
    <subfield code="a">avioliitto</subfield>
    <subfield code="x">epäonnistuminen</subfield>
    <subfield code="2">kaunokki</subfield>
  </datafield>
  <datafield tag="650" ind1=" " ind2="7">
    <subfield code="a">ihmissuhteet</subfield>
    <subfield code="x">ongelmat</subfield>
    <subfield code="2">kaunokki</subfield>
  </datafield>
  <datafield tag="650" ind1=" " ind2="7">
    <subfield code="a">murha</subfield>
    <subfield code="2">kaunokki</subfield>
  </datafield>
  <datafield tag="650" ind1=" " ind2="7">
    <subfield code="a">prostituutio</subfield>
    <subfield code="2">kaunokki</subfield>
  </datafield>
  <datafield tag="650" ind1=" " ind2="7">
    <subfield code="a">elämänfilosofia</subfield>
    <subfield code="x">AA</subfield>
    <subfield code="2">kaunokki</subfield>
  </datafield>
  <datafield tag="650" ind1=" " ind2="7">
    <subfield code="a">alkoholismi</subfield>
    <subfield code="x">naiset</subfield>
    <subfield code="2">kaunokki</subfield>
  </datafield>
  <datafield tag="650" ind1=" " ind2="7">
    <subfield code="a">kurssikeskukset</subfield>
    <subfield code="x">Tammikoti</subfield>
    <subfield code="2">kaunokki</subfield>
  </datafield>
  <datafield tag="650" ind1=" " ind2="7">
    <subfield code="a">pikkukaupungit</subfield>
    <subfield code="z">Keski-Suomi</subfield>
    <subfield code="z">Tammisto</subfield>
    <subfield code="y">2000-luku</subfield>
    <subfield code="2">kaunokki</subfield>
  </datafield>
  

  
</record>