
<record format="MARC21" type="Bibliographic">
  <leader>00000nja a2200085 a 4500</leader>
  <controlfield tag="001">A0779753</controlfield>
  <controlfield tag="003">KONVERSIO</controlfield>
  <controlfield tag="005">20180213134823.0</controlfield>
  <controlfield tag="007">sd||||g|||m||d</controlfield>
  <controlfield tag="008">030304s2002    fi rc||||||||||||||||||| </controlfield>
  <datafield tag="035" ind1=" " ind2=" ">
    <subfield code="a">{9CCD11CA-719F-4DEA-8BAF-002FB627B0CE}</subfield>
  </datafield>
  <datafield tag="245" ind1="0" ind2="0">
    <subfield code="a">Rauhanruhtinas.</subfield>
  </datafield>
  <datafield tag="773" ind1="0" ind2=" ">
    <subfield code="7">nnjm</subfield>
    <subfield code="w">A0761184</subfield>
    <subfield code="t">Jippii : majakaksi maailmaan</subfield>
    <subfield code="h">[Äänite]. -</subfield>
    <subfield code="d">Ylinen : Via-Music, p2002. -</subfield>
    <subfield code="m">1 CD-äänilevy. -</subfield>
    <subfield code="o">VMCD1881</subfield>
  </datafield>
</record>