
<record format="MARC21" type="Bibliographic">
  <leader>00000njm a22001333a 4500</leader>
  <controlfield tag="001">A1070614</controlfield>
  <controlfield tag="003">KONVERSIO</controlfield>
  <controlfield tag="005">20180213134823.0</controlfield>
  <controlfield tag="007">sd||||g|||m||d</controlfield>
  <controlfield tag="008">060216 uuuu    fi |||||||||||||||||||||c</controlfield>
  <datafield tag="028" ind1="0" ind2="1">
    <subfield code="b">0</subfield>
    <subfield code="a">0724355804921</subfield>
  </datafield>
  <datafield tag="035" ind1=" " ind2=" ">
    <subfield code="a">{96B52819-1EC3-43E7-842F-002FBF69A917}</subfield>
  </datafield>
  <datafield tag="084" ind1=" " ind2=" ">
    <subfield code="a">78</subfield>
    <subfield code="2">ykl</subfield>
  </datafield>
  <datafield tag="100" ind1="1" ind2=" ">
    <subfield code="a">Britten, Benjamin.</subfield>
  </datafield>
  <datafield tag="245" ind1="1" ind2="0">
    <subfield code="a">Serenade.</subfield>
  </datafield>
  <datafield tag="260" ind1=" " ind2=" ">
    <subfield code="c">2005.</subfield>
  </datafield>
  
  
</record>