
<record format="MARC21" type="Bibliographic">
  <leader>00000nja a2200085 a 4500</leader>
  <controlfield tag="001">A0995226</controlfield>
  <controlfield tag="003">KONVERSIO</controlfield>
  <controlfield tag="005">20180213134823.0</controlfield>
  <controlfield tag="007">sd||||g|||m||d</controlfield>
  <controlfield tag="008">050524s2004    xxkrc||||||||||||||||||| </controlfield>
  <datafield tag="035" ind1=" " ind2=" ">
    <subfield code="a">{3D3C5860-E884-4EC0-8DD9-002FD110C983}</subfield>
  </datafield>
  <datafield tag="245" ind1="0" ind2="0">
    <subfield code="a">Woodland BOP.</subfield>
  </datafield>
  <datafield tag="773" ind1="0" ind2=" ">
    <subfield code="7">nnjm</subfield>
    <subfield code="w">ADD17E16FDB64F078F0D65922F572613</subfield>
    <subfield code="a">Tyrannosaurus Rex</subfield>
    <subfield code="t">A beard of stars</subfield>
    <subfield code="h">[Äänite]. -</subfield>
    <subfield code="b">expanded edition. -</subfield>
    <subfield code="d">[s.l.] : Straight Ahead Productions, p2004. -</subfield>
    <subfield code="m">1 CD-äänilevy. -</subfield>
    <subfield code="o">982251-2</subfield>
  </datafield>
</record>