
<record format="MARC21" type="Bibliographic">
  <leader>00000ccm a22     7a 4500</leader>
  <controlfield tag="001">1859090265</controlfield>
  <controlfield tag="003">KONVERSIO</controlfield>
  <controlfield tag="005">20180213134823.0</controlfield>
  <controlfield tag="007">              </controlfield>
  <controlfield tag="008">951123r1993    xxkrcz|  ||||||  |||eng|c</controlfield>
  <datafield tag="020" ind1=" " ind2=" ">
    <subfield code="a">1-85909-026-5 :</subfield>
    <subfield code="c">64 FIM</subfield>
    <subfield code="q">nid.</subfield>
  </datafield>
  <datafield tag="035" ind1=" " ind2=" ">
    <subfield code="a">{80440C00-A310-00A3-0749-0030050E2A61}</subfield>
  </datafield>
  <datafield tag="041" ind1="0" ind2=" ">
    <subfield code="a">eng</subfield>
  </datafield>
  <datafield tag="084" ind1=" " ind2=" ">
    <subfield code="a">78.891</subfield>
    <subfield code="2">ykl</subfield>
  </datafield>
  <datafield tag="100" ind1="0" ind2=" ">
    <subfield code="a">Madonna.</subfield>
  </datafield>
  <datafield tag="245" ind1="1" ind2="0">
    <subfield code="a">Hot songs</subfield>
    <subfield code="h">[Nuottijulkaisu] /</subfield>
    <subfield code="c">[esitt.:] Madonna ; [san. &amp; säv.] Madonna Ciccone ; Pat Leonard ; Bruce Gaitsch ...[et al.].</subfield>
  </datafield>
  <datafield tag="260" ind1=" " ind2=" ">
    <subfield code="a">Essex :</subfield>
    <subfield code="b">International Music Publications,</subfield>
    <subfield code="c">cop. 1987</subfield>
    <subfield code="e">(p1993)</subfield>
  </datafield>
  <datafield tag="300" ind1=" " ind2=" ">
    <subfield code="a">39 s. :</subfield>
    <subfield code="b">nuott. ;</subfield>
    <subfield code="c">30 cm.</subfield>
  </datafield>
  <datafield tag="500" ind1=" " ind2=" ">
    <subfield code="a">sanat, melodia, kosketinsoitinsäestys, sointumerkit, kitaran otetaulukot.</subfield>
  </datafield>
  <datafield tag="505" ind1="0" ind2=" ">
    <subfield code="a">[Sis.:] Gambler ; Into the groove ; La isla bonita ; Like a virgin ; Lucky .</subfield>
  </datafield>
  <datafield tag="590" ind1=" " ind2=" ">
    <subfield code="a">V:1993; H:00064,00mk</subfield>
  </datafield>
  <datafield tag="900" ind1="1" ind2=" ">
    <subfield code="a">Ciccone, Madonna</subfield>
  </datafield>
</record>