
<record format="MARC21" type="Bibliographic">
  <leader>00000ccm a22     5a 4500</leader>
  <controlfield tag="001">1576236722</controlfield>
  <controlfield tag="003">KONVERSIO</controlfield>
  <controlfield tag="005">20180213134823.0</controlfield>
  <controlfield tag="007">qu</controlfield>
  <controlfield tag="008">970219s1996    xxurcz||||||||||||||eng|c</controlfield>
  <datafield tag="020" ind1=" " ind2=" ">
    <subfield code="a">1-57623-672-2 :</subfield>
    <subfield code="c">180 FIM</subfield>
  </datafield>
  <datafield tag="035" ind1=" " ind2=" ">
    <subfield code="a">{74D4DC00-A310-00A3-0749-0030050E2A61}</subfield>
  </datafield>
  <datafield tag="041" ind1="0" ind2=" ">
    <subfield code="a">eng</subfield>
  </datafield>
  <datafield tag="084" ind1=" " ind2=" ">
    <subfield code="a">78.8911</subfield>
    <subfield code="2">ykl</subfield>
  </datafield>
  <datafield tag="100" ind1="1" ind2=" ">
    <subfield code="a">Young, Neil.</subfield>
  </datafield>
  <datafield tag="245" ind1="1" ind2="0">
    <subfield code="a">Broken arrow</subfield>
    <subfield code="h">[Nuottijulkaisu] :</subfield>
    <subfield code="b">guitar /</subfield>
    <subfield code="c">[esitt.:] Neil Young with Crazy Horse.</subfield>
  </datafield>
  <datafield tag="260" ind1=" " ind2=" ">
    <subfield code="a">[S.l.] :</subfield>
    <subfield code="b">Warner Bros.,</subfield>
    <subfield code="c">cop. 1996.</subfield>
  </datafield>
  <datafield tag="300" ind1=" " ind2=" ">
    <subfield code="a">74 s. [6] :</subfield>
    <subfield code="b">kuv. ;</subfield>
    <subfield code="c">30 cm.</subfield>
  </datafield>
  <datafield tag="500" ind1=" " ind2=" ">
    <subfield code="a">sanat, sointumerkit, kitara nuottina ja tabulatuurina, sointuotteet.</subfield>
  </datafield>
  <datafield tag="500" ind1=" " ind2=" ">
    <subfield code="a">Nimekkeenä piirretty katkaistu nuoli = nimeke &quot;Broken arrow&quot; ; kappaleet sa.</subfield>
  </datafield>
  <datafield tag="505" ind1="0" ind2=" ">
    <subfield code="a">[Sis.:] Big time ; Loose change ; Slip away ; Changing highways ; Scattered.</subfield>
  </datafield>
  <datafield tag="590" ind1=" " ind2=" ">
    <subfield code="a">V:1996; H:00180,00mk</subfield>
  </datafield>
  <datafield tag="650" ind1=" " ind2="7">
    <subfield code="a">kitara</subfield>
    <subfield code="x">tabulatuurinuottikirjoitus</subfield>
    <subfield code="2">musa</subfield>
  </datafield>
  <datafield tag="940" ind1=" " ind2="0">
    <subfield code="a">Neil Young with Crazy Horse</subfield>
    <subfield code="y">Broken arrow</subfield>
  </datafield>
</record>