
<record format="MARC21" type="Bibliographic">
  <leader>00000ccm a22     5a 4500</leader>
  <controlfield tag="001">0711978859</controlfield>
  <controlfield tag="003">KONVERSIO</controlfield>
  <controlfield tag="005">20180213134823.0</controlfield>
  <controlfield tag="007">              </controlfield>
  <controlfield tag="008">001020s2000          |  ||||||  |||eng|c</controlfield>
  <datafield tag="020" ind1=" " ind2=" ">
    <subfield code="a">0-7119-7885-9</subfield>
  </datafield>
  <datafield tag="028" ind1="0" ind2="1">
    <subfield code="b">Chester Music / Music Sales Ltd</subfield>
    <subfield code="a">CH61655</subfield>
  </datafield>
  <datafield tag="035" ind1=" " ind2=" ">
    <subfield code="a">{4BD05E01-A310-00A3-0749-0030050E2A61}</subfield>
  </datafield>
  <datafield tag="041" ind1="0" ind2=" ">
    <subfield code="a">eng</subfield>
  </datafield>
  <datafield tag="084" ind1=" " ind2=" ">
    <subfield code="a">78.61</subfield>
    <subfield code="2">ykl</subfield>
  </datafield>
  <datafield tag="100" ind1="1" ind2=" ">
    <subfield code="a">Preisner, Zbigniew.</subfield>
  </datafield>
  <datafield tag="245" ind1="1" ind2="0">
    <subfield code="a">10 easy pieces for piano</subfield>
    <subfield code="h">[Nuottijulkaisu].</subfield>
  </datafield>
  <datafield tag="260" ind1=" " ind2=" ">
    <subfield code="a">London :</subfield>
    <subfield code="b">Chester Music / Music Sales Ltd,</subfield>
    <subfield code="c">2000.</subfield>
  </datafield>
  <datafield tag="300" ind1=" " ind2=" ">
    <subfield code="a">84 s. :</subfield>
    <subfield code="b">nuott. ; kuv. ;</subfield>
    <subfield code="c">30 cm.</subfield>
  </datafield>
  <datafield tag="505" ind1="0" ind2=" ">
    <subfield code="a">A good morning melody ; Meditation ; To see more ; Talking to myself ; The .</subfield>
  </datafield>
  <datafield tag="590" ind1=" " ind2=" ">
    <subfield code="a">V:2000; H:00194,00mk</subfield>
  </datafield>
  <datafield tag="940" ind1="1" ind2=" ">
    <subfield code="a">Ten easy pieces for piano</subfield>
  </datafield>
</record>