
<record format="MARC21" type="Bibliographic">
  <leader>00000nim a22      a 4500</leader>
  <controlfield tag="001">0563381507</controlfield>
  <controlfield tag="003">KONVERSIO</controlfield>
  <controlfield tag="005">20180213134823.0</controlfield>
  <controlfield tag="007">sd|  |g   m| d</controlfield>
  <controlfield tag="008">030506s1996    xxk||||||||||||  |||und| </controlfield>
  <datafield tag="020" ind1=" " ind2=" ">
    <subfield code="a">0-563-38150-7</subfield>
    <subfield code="q">1 CD-äänilevy</subfield>
  </datafield>
  <datafield tag="024" ind1="3" ind2=" ">
    <subfield code="a">9780563381501</subfield>
  </datafield>
  <datafield tag="028" ind1="0" ind2="1">
    <subfield code="b">BBC SFX</subfield>
    <subfield code="a">BBCCD874</subfield>
  </datafield>
  <datafield tag="035" ind1=" " ind2=" ">
    <subfield code="a">{3A38E302-A310-00A3-0749-0030050E2A61}</subfield>
  </datafield>
  <datafield tag="041" ind1="0" ind2=" ">
    <subfield code="d">und</subfield>
  </datafield>
  <datafield tag="084" ind1=" " ind2=" ">
    <subfield code="a">77.111</subfield>
    <subfield code="2">ykl</subfield>
  </datafield>
  <datafield tag="245" ind1="0" ind2="0">
    <subfield code="a">Essential sound effects of cars 1900-1970</subfield>
    <subfield code="h">[Äänite].</subfield>
  </datafield>
  <datafield tag="260" ind1=" " ind2=" ">
    <subfield code="a">London :</subfield>
    <subfield code="b">BBC,</subfield>
    <subfield code="c">p1996.</subfield>
  </datafield>
  <datafield tag="300" ind1=" " ind2=" ">
    <subfield code="a">1 CD-äänilevy.</subfield>
  </datafield>
  <datafield tag="650" ind1=" " ind2="7">
    <subfield code="a">äänitehosteet</subfield>
    <subfield code="x">autot</subfield>
    <subfield code="2">ysa</subfield>
  </datafield>
</record>