
<record format="MARC21" type="Bibliographic">
  <leader>00000nam a22     4a 4500</leader>
  <controlfield tag="001">349923100X</controlfield>
  <controlfield tag="003">KONVERSIO</controlfield>
  <controlfield tag="005">20180213134823.0</controlfield>
  <controlfield tag="008">020201s2002    gw |||||||||| ||||f ger|c</controlfield>
  <datafield tag="020" ind1=" " ind2=" ">
    <subfield code="a">3-499-23100-X</subfield>
    <subfield code="q">nid. :</subfield>
    <subfield code="c">11.40 EUR</subfield>
  </datafield>
  <datafield tag="035" ind1=" " ind2=" ">
    <subfield code="a">{882AC003-A310-00A3-0749-0030050E2A61}</subfield>
  </datafield>
  <datafield tag="041" ind1="1" ind2=" ">
    <subfield code="a">ger</subfield>
    <subfield code="h">fin</subfield>
  </datafield>
  <datafield tag="084" ind1=" " ind2=" ">
    <subfield code="a">84.4</subfield>
    <subfield code="2">ykl</subfield>
  </datafield>
  <datafield tag="100" ind1="1" ind2=" ">
    <subfield code="a">Lehtolainen, Leena.</subfield>
  </datafield>
  <datafield tag="240" ind1="1" ind2="0">
    <subfield code="a">Tappava säde</subfield>
  </datafield>
  <datafield tag="245" ind1="1" ind2="0">
    <subfield code="a">Zeit zu sterben :</subfield>
    <subfield code="b">Roman /</subfield>
    <subfield code="c">Leena Lehtolainen ; aus dem Finnischen von Gabriele Schrey-Vasara.</subfield>
  </datafield>
  <datafield tag="260" ind1=" " ind2=" ">
    <subfield code="a">Reinbek bei Hamburg :</subfield>
    <subfield code="b">Rowohlt Taschenbuch,</subfield>
    <subfield code="c">2002.</subfield>
  </datafield>
  <datafield tag="300" ind1=" " ind2=" ">
    <subfield code="a">285, [1] s. ;</subfield>
    <subfield code="c">19 cm.</subfield>
  </datafield>
  <datafield tag="490" ind1="1" ind2=" ">
    <subfield code="a">Rororo ;</subfield>
    <subfield code="v">23100</subfield>
  </datafield>
  <datafield tag="830" ind1=" " ind2="0">
    <subfield code="a">Rororo ;</subfield>
    <subfield code="v">23100.</subfield>
  </datafield>
</record>