
<record format="MARC21" type="Bibliographic">
  <leader>00000ncm a22     5a 4500</leader>
  <controlfield tag="001">0711930449</controlfield>
  <controlfield tag="003">KONVERSIO</controlfield>
  <controlfield tag="005">20180213134823.0</controlfield>
  <controlfield tag="007">qu</controlfield>
  <controlfield tag="008">140820s1992    xxkrcz||||||||||||||eng|c</controlfield>
  <datafield tag="020" ind1=" " ind2=" ">
    <subfield code="a">0-7119-3044-9</subfield>
  </datafield>
  <datafield tag="035" ind1=" " ind2=" ">
    <subfield code="a">{48B06004-A310-00A3-0749-0030050E2A61}</subfield>
  </datafield>
  <datafield tag="041" ind1="0" ind2=" ">
    <subfield code="a">eng</subfield>
  </datafield>
  <datafield tag="084" ind1=" " ind2=" ">
    <subfield code="a">78.89</subfield>
    <subfield code="2">ykl</subfield>
  </datafield>
  <datafield tag="245" ind1="0" ind2="4">
    <subfield code="a">The complete organ player.</subfield>
    <subfield code="p">Anthology</subfield>
    <subfield code="h">[Nuottijulkaisu].</subfield>
  </datafield>
  <datafield tag="260" ind1=" " ind2=" ">
    <subfield code="a">London :</subfield>
    <subfield code="b">Wise Publications,</subfield>
    <subfield code="c">1992.</subfield>
  </datafield>
  <datafield tag="300" ind1=" " ind2=" ">
    <subfield code="a">95 s. ;</subfield>
    <subfield code="c">30 cm.</subfield>
  </datafield>
  <datafield tag="650" ind1=" " ind2="7">
    <subfield code="a">populaarimusiikki</subfield>
    <subfield code="x">kokoelmat</subfield>
    <subfield code="2">musa</subfield>
  </datafield>
  <datafield tag="650" ind1=" " ind2="7">
    <subfield code="a">urut</subfield>
    <subfield code="x">populaarimusiikki</subfield>
    <subfield code="2">musa</subfield>
  </datafield>
</record>