
<record format="MARC21" type="Bibliographic">
  <leader>00000ncm a22      a 4500</leader>
  <controlfield tag="001">0634053418</controlfield>
  <controlfield tag="003">KONVERSIO</controlfield>
  <controlfield tag="005">20180213134823.0</controlfield>
  <controlfield tag="007">              </controlfield>
  <controlfield tag="008">031007s2003    xxurcz|  ||||||  |||eng| </controlfield>
  <datafield tag="020" ind1=" " ind2=" ">
    <subfield code="a">0-634-05341-8</subfield>
  </datafield>
  <datafield tag="024" ind1="3" ind2=" ">
    <subfield code="a">073999957372</subfield>
  </datafield>
  <datafield tag="028" ind1="0" ind2="1">
    <subfield code="b">Hal Leonard</subfield>
    <subfield code="a">HL00695737</subfield>
  </datafield>
  <datafield tag="035" ind1=" " ind2=" ">
    <subfield code="a">{41AD2805-A310-00A3-0749-0030050E2A61}</subfield>
  </datafield>
  <datafield tag="041" ind1="0" ind2=" ">
    <subfield code="a">eng</subfield>
  </datafield>
  <datafield tag="084" ind1=" " ind2=" ">
    <subfield code="a">78.6507</subfield>
    <subfield code="2">ykl</subfield>
  </datafield>
  <datafield tag="084" ind1=" " ind2=" ">
    <subfield code="a">78.6907</subfield>
    <subfield code="2">ykl</subfield>
  </datafield>
  <datafield tag="100" ind1="1" ind2=" ">
    <subfield code="a">St. James, Adam,</subfield>
    <subfield code="e">opett.</subfield>
  </datafield>
  <datafield tag="245" ind1="1" ind2="0">
    <subfield code="a">101 guitar tips</subfield>
    <subfield code="h">[Nuottijulkaisu] :</subfield>
    <subfield code="b">stuff all the pros know and use /</subfield>
    <subfield code="c">by Adam St. James.</subfield>
  </datafield>
  <datafield tag="260" ind1=" " ind2=" ">
    <subfield code="a">Milwaukee :</subfield>
    <subfield code="b">Hal Leonard,</subfield>
    <subfield code="c">cop. 2003.</subfield>
  </datafield>
  <datafield tag="300" ind1=" " ind2=" ">
    <subfield code="a">1 soitonopas (88 s.) :</subfield>
    <subfield code="b">kuv. ;</subfield>
    <subfield code="c">31 cm +</subfield>
    <subfield code="e">1 CD-äänilevy.</subfield>
  </datafield>
  <datafield tag="505" ind1="0" ind2=" ">
    <subfield code="a">Oppaassa käsitellään asteikot, musiikin teoria, kitaran huolto ja -säätö, ä.</subfield>
  </datafield>
  <datafield tag="505" ind1="0" ind2=" ">
    <subfield code="a">Oppaassa käsitellään asteikot, musiikin teoria, kitaran huolto ja -säätö, ä.</subfield>
  </datafield>
  <datafield tag="650" ind1=" " ind2="7">
    <subfield code="a">kitara</subfield>
    <subfield code="x">soitonoppaat</subfield>
    <subfield code="2">musa</subfield>
  </datafield>
  <datafield tag="650" ind1=" " ind2="7">
    <subfield code="a">sähkökitara</subfield>
    <subfield code="x">soitonoppaat</subfield>
    <subfield code="2">musa</subfield>
  </datafield>
</record>