
<record format="MARC21" type="Bibliographic">
  <leader>00000nam a22001937a 4500</leader>
  <controlfield tag="001">9510064270</controlfield>
  <controlfield tag="003">KONVERSIO</controlfield>
  <controlfield tag="005">20180213134823.0</controlfield>
  <controlfield tag="008">910420s1975    fi |||||||||| ||||1|fin|c</controlfield>
  <datafield tag="020" ind1=" " ind2=" ">
    <subfield code="a">951-0-06427-0</subfield>
    <subfield code="q">sid.</subfield>
  </datafield>
  <datafield tag="035" ind1=" " ind2=" ">
    <subfield code="a">{CEB93905-A310-00A3-0749-0030050E2A61}</subfield>
  </datafield>
  <datafield tag="041" ind1="0" ind2=" ">
    <subfield code="a">fin</subfield>
  </datafield>
  <datafield tag="084" ind1=" " ind2=" ">
    <subfield code="a">82.2</subfield>
    <subfield code="2">ykl</subfield>
  </datafield>
  <datafield tag="100" ind1="1" ind2=" ">
    <subfield code="a">Kivi, Aleksis,</subfield>
    <subfield code="d">1834-1872.</subfield>
  </datafield>
  <datafield tag="245" ind1="1" ind2="0">
    <subfield code="a">Kootut runot /</subfield>
    <subfield code="c">Aleksis Kivi ; julk. ja johdannolla varust. Lauri Viljanen.</subfield>
  </datafield>
  <datafield tag="250" ind1=" " ind2=" ">
    <subfield code="a">2. p.</subfield>
  </datafield>
  <datafield tag="260" ind1=" " ind2=" ">
    <subfield code="a">Porvoo ;</subfield>
    <subfield code="a">Helsinki :</subfield>
    <subfield code="b">WSOY,</subfield>
    <subfield code="c">1975.</subfield>
  </datafield>
  <datafield tag="300" ind1=" " ind2=" ">
    <subfield code="a">443, [1] s.</subfield>
  </datafield>
  <datafield tag="590" ind1=" " ind2=" ">
    <subfield code="a">V:1975; H:   41,00mk</subfield>
  </datafield>
  <datafield tag="700" ind1="1" ind2=" ">
    <subfield code="a">Viljanen, Lauri.</subfield>
  </datafield>
</record>