
<record format="MARC21" type="Bibliographic">
  <leader>00000nam a22     5a 4500</leader>
  <controlfield tag="001">951000295X</controlfield>
  <controlfield tag="003">KONVERSIO</controlfield>
  <controlfield tag="005">20180213134823.0</controlfield>
  <controlfield tag="008">840314s1972    fi |||||||||| |||| |fin|c</controlfield>
  <datafield tag="020" ind1=" " ind2=" ">
    <subfield code="a">951-0-00295-X</subfield>
    <subfield code="q">sid.</subfield>
  </datafield>
  <datafield tag="020" ind1=" " ind2=" ">
    <subfield code="a">951-0-00027-2</subfield>
    <subfield code="q">koko teos, sid.</subfield>
  </datafield>
  <datafield tag="035" ind1=" " ind2=" ">
    <subfield code="a">{B55C5505-A310-00A3-0749-0030050E2A61}</subfield>
  </datafield>
  <datafield tag="041" ind1="0" ind2=" ">
    <subfield code="a">fin</subfield>
  </datafield>
  <datafield tag="084" ind1=" " ind2=" ">
    <subfield code="a">22</subfield>
    <subfield code="2">ykl</subfield>
  </datafield>
  <datafield tag="084" ind1=" " ind2=" ">
    <subfield code="a">22.04</subfield>
    <subfield code="2">ykl</subfield>
  </datafield>
  <datafield tag="130" ind1="0" ind2=" ">
    <subfield code="a">Raamattu.</subfield>
  </datafield>
  <datafield tag="130" ind1="0" ind2=" ">
    <subfield code="a">Raamattu.</subfield>
    <subfield code="p">VT.</subfield>
    <subfield code="p">Danielin kirja.</subfield>
  </datafield>
  <datafield tag="130" ind1="0" ind2=" ">
    <subfield code="a">Raamattu.</subfield>
    <subfield code="p">VT.</subfield>
    <subfield code="p">Jesajan kirja.</subfield>
  </datafield>
  <datafield tag="245" ind1="1" ind2="0">
    <subfield code="a">Suuri väriraamattu ja pyhän kirjan maailma.</subfield>
    <subfield code="n">3. osa,</subfield>
    <subfield code="p">Jesaja - Lisäyksiä Danielin kirjaan /</subfield>
    <subfield code="c">[johdannot ja kuvatekstit kirj. Jussi Aro] ; [kuvatoim.: Kaarina Visakanto].</subfield>
  </datafield>
  <datafield tag="260" ind1=" " ind2=" ">
    <subfield code="a">Porvoo ;</subfield>
    <subfield code="a">Hki :</subfield>
    <subfield code="b">WSOY,</subfield>
    <subfield code="c">1972</subfield>
    <subfield code="e">(Porvoo)</subfield>
  </datafield>
  <datafield tag="300" ind1=" " ind2=" ">
    <subfield code="a">[5], 521, [1] s. :</subfield>
    <subfield code="b">kuv. ;</subfield>
    <subfield code="c">31 cm.</subfield>
  </datafield>
  <datafield tag="500" ind1=" " ind2=" ">
    <subfield code="a">Lisäpainokset: 2. p. 1974. - 3. p. 1983.</subfield>
  </datafield>
  <datafield tag="500" ind1=" " ind2=" ">
    <subfield code="a">11., v. 1933 pidetyn yleisen kirkolliskokouksen käytäntöön ottama ja v. 193.</subfield>
  </datafield>
  <datafield tag="590" ind1=" " ind2=" ">
    <subfield code="a">V:1972; H:   80,00mk</subfield>
  </datafield>
  <datafield tag="650" ind1=" " ind2="7">
    <subfield code="a">Raamattu</subfield>
    <subfield code="2">ysa</subfield>
  </datafield>
  <datafield tag="700" ind1="1" ind2=" ">
    <subfield code="a">Aro, Jussi,</subfield>
    <subfield code="d">1928-1983.</subfield>
  </datafield>
</record>