
<record format="MARC21" type="Bibliographic">
  <leader>00000cam a22     4a 4500</leader>
  <controlfield tag="001">8779054668</controlfield>
  <controlfield tag="003">KONVERSIO</controlfield>
  <controlfield tag="005">20180213134823.0</controlfield>
  <controlfield tag="008">020604s2001    dk |||||||||| |||| |dan|c</controlfield>
  <datafield tag="020" ind1=" " ind2=" ">
    <subfield code="a">87-7905-466-8</subfield>
    <subfield code="q">sid. :</subfield>
    <subfield code="c">35.20 EUR</subfield>
  </datafield>
  <datafield tag="035" ind1=" " ind2=" ">
    <subfield code="a">{954D5D05-A310-00A3-0749-0030050E2A61}</subfield>
  </datafield>
  <datafield tag="041" ind1="0" ind2=" ">
    <subfield code="a">dan</subfield>
  </datafield>
  <datafield tag="084" ind1=" " ind2=" ">
    <subfield code="a">65.92</subfield>
    <subfield code="2">ykl</subfield>
  </datafield>
  <datafield tag="100" ind1="1" ind2=" ">
    <subfield code="a">Østergaard-Jensen, Birgit.</subfield>
  </datafield>
  <datafield tag="245" ind1="1" ind2="0">
    <subfield code="a">Pileflet til gavn og glæde /</subfield>
    <subfield code="c">Birgit Østergaard-Jensen :</subfield>
    <subfield code="b">en begynderbog ; foto: Hanne Stroyer.</subfield>
  </datafield>
  <datafield tag="260" ind1=" " ind2=" ">
    <subfield code="a">[s.l.] :</subfield>
    <subfield code="b">Klematis,</subfield>
    <subfield code="c">2001.</subfield>
  </datafield>
  <datafield tag="300" ind1=" " ind2=" ">
    <subfield code="a">96 s. :</subfield>
    <subfield code="b">kuv. ;</subfield>
    <subfield code="c">23 x 24 cm.</subfield>
  </datafield>
  <datafield tag="650" ind1=" " ind2="7">
    <subfield code="a">korityöt</subfield>
    <subfield code="x">paju</subfield>
    <subfield code="2">ysa</subfield>
  </datafield>
  <datafield tag="650" ind1=" " ind2="7">
    <subfield code="a">punontatyöt</subfield>
    <subfield code="x">paju</subfield>
    <subfield code="2">ysa</subfield>
  </datafield>
  <datafield tag="700" ind1="1" ind2=" ">
    <subfield code="a">Stroyer, Hanne.</subfield>
  </datafield>
</record>