
<record format="MARC21" type="Bibliographic">
  <leader>00000cam a22     5a 4500</leader>
  <controlfield tag="001">9510072702</controlfield>
  <controlfield tag="003">KONVERSIO</controlfield>
  <controlfield tag="005">20180213134823.0</controlfield>
  <controlfield tag="008">910519s1975    fi |||||||||| ||||1|fin|c</controlfield>
  <datafield tag="020" ind1=" " ind2=" ">
    <subfield code="a">951-0-07270-2</subfield>
    <subfield code="q">sid.</subfield>
  </datafield>
  <datafield tag="035" ind1=" " ind2=" ">
    <subfield code="a">{D705FE09-A310-00A3-0749-0030050E2A61}</subfield>
  </datafield>
  <datafield tag="041" ind1="0" ind2=" ">
    <subfield code="a">fin</subfield>
  </datafield>
  <datafield tag="084" ind1=" " ind2=" ">
    <subfield code="a">84.2</subfield>
    <subfield code="2">ykl</subfield>
  </datafield>
  <datafield tag="100" ind1="1" ind2=" ">
    <subfield code="a">Mäkelä, Jukka Lauri,</subfield>
    <subfield code="d">1917-</subfield>
  </datafield>
  <datafield tag="245" ind1="1" ind2="0">
    <subfield code="a">Teräsvyöry murtuu /</subfield>
    <subfield code="c">Jukka L. Mäkelä.</subfield>
  </datafield>
  <datafield tag="250" ind1=" " ind2=" ">
    <subfield code="a">2. p.</subfield>
  </datafield>
  <datafield tag="260" ind1=" " ind2=" ">
    <subfield code="a">Porvoo ;</subfield>
    <subfield code="a">Helsinki :</subfield>
    <subfield code="b">WSOY,</subfield>
    <subfield code="c">1975.</subfield>
  </datafield>
  <datafield tag="300" ind1=" " ind2=" ">
    <subfield code="a">195, [2] s.</subfield>
  </datafield>
  <datafield tag="500" ind1=" " ind2=" ">
    <subfield code="a">Lisäpainokset: 3. p. 1975.</subfield>
  </datafield>
  <datafield tag="590" ind1=" " ind2=" ">
    <subfield code="a">V:1975; H:   32,00mk</subfield>
  </datafield>
  <datafield tag="650" ind1=" " ind2="7">
    <subfield code="a">jatkosota</subfield>
    <subfield code="2">ysa</subfield>
  </datafield>
  <datafield tag="650" ind1=" " ind2="7">
    <subfield code="a">sotakirjallisuus</subfield>
    <subfield code="2">kaunokki</subfield>
  </datafield>
</record>