
<record format="MARC21" type="Bibliographic">
  <leader>00000ccm a22      a 4500</leader>
  <controlfield tag="001">8850701535</controlfield>
  <controlfield tag="003">KONVERSIO</controlfield>
  <controlfield tag="005">20180213134823.0</controlfield>
  <controlfield tag="007">qu</controlfield>
  <controlfield tag="008">030221s2002    it ppz||||||||||||||ita| </controlfield>
  <datafield tag="020" ind1=" " ind2=" ">
    <subfield code="a">88-507-0153-5</subfield>
  </datafield>
  <datafield tag="024" ind1="3" ind2=" ">
    <subfield code="a">9788850701537</subfield>
  </datafield>
  <datafield tag="028" ind1="0" ind2="1">
    <subfield code="b">Carisch</subfield>
    <subfield code="a">ML2180</subfield>
  </datafield>
  <datafield tag="035" ind1=" " ind2=" ">
    <subfield code="a">{95C1E20A-A310-00A3-0749-0030050E2A61}</subfield>
  </datafield>
  <datafield tag="041" ind1="0" ind2=" ">
    <subfield code="a">ita</subfield>
    <subfield code="b">eng</subfield>
  </datafield>
  <datafield tag="084" ind1=" " ind2=" ">
    <subfield code="a">78.8936</subfield>
    <subfield code="2">ykl</subfield>
  </datafield>
  <datafield tag="084" ind1=" " ind2=" ">
    <subfield code="a">78.322</subfield>
    <subfield code="2">ykl</subfield>
  </datafield>
  <datafield tag="245" ind1="0" ind2="0">
    <subfield code="a">Volare</subfield>
    <subfield code="h">[Nuottijulkaisu] :</subfield>
    <subfield code="b">17 unforgettable italian songs.</subfield>
  </datafield>
  <datafield tag="260" ind1=" " ind2=" ">
    <subfield code="a">Milano :</subfield>
    <subfield code="b">Nuova Carisch,</subfield>
    <subfield code="c">cop. 2002.</subfield>
  </datafield>
  <datafield tag="300" ind1=" " ind2=" ">
    <subfield code="a">72 s. :</subfield>
    <subfield code="b">nuott. ;</subfield>
    <subfield code="c">30  cm.</subfield>
  </datafield>
  <datafield tag="500" ind1=" " ind2=" ">
    <subfield code="a">Sanat, melodia, kosketinsoitin, kitaran sointuotteet, sormitusmerkkejä.</subfield>
  </datafield>
  <datafield tag="505" ind1="0" ind2=" ">
    <subfield code="a">Arrivederci Roma ; Caruso ; Ciribiribin ; Con te partirò - time to say good.</subfield>
  </datafield>
  <datafield tag="650" ind1=" " ind2="7">
    <subfield code="a">viihdemusiikki</subfield>
    <subfield code="x">kokoelmat</subfield>
    <subfield code="z">Italia</subfield>
    <subfield code="2">musa</subfield>
  </datafield>
  <datafield tag="650" ind1=" " ind2="7">
    <subfield code="a">taidemusiikki</subfield>
    <subfield code="x">yksinlaulu</subfield>
    <subfield code="2">musa</subfield>
  </datafield>
</record>