
<record format="MARC21" type="Bibliographic">
  <leader>00000nam a22     4a 4500</leader>
  <controlfield tag="001">9189004566</controlfield>
  <controlfield tag="003">KONVERSIO</controlfield>
  <controlfield tag="005">20180213134824.0</controlfield>
  <controlfield tag="007">co||||||||||||</controlfield>
  <controlfield tag="008">980803s1998    sw ||||js     |||| |fin|c</controlfield>
  <datafield tag="020" ind1=" " ind2=" ">
    <subfield code="a">91-89004-56-6 :</subfield>
    <subfield code="c">80 FIM</subfield>
  </datafield>
  <datafield tag="035" ind1=" " ind2=" ">
    <subfield code="a">{B1CAF30B-A310-00A3-0749-0030050E2A61}</subfield>
  </datafield>
  <datafield tag="041" ind1="0" ind2=" ">
    <subfield code="a">fin</subfield>
    <subfield code="h">swe</subfield>
  </datafield>
  <datafield tag="084" ind1=" " ind2=" ">
    <subfield code="a">51.07</subfield>
    <subfield code="2">ykl</subfield>
  </datafield>
  <datafield tag="245" ind1="0" ind2="0">
    <subfield code="a">Kertotaulu</subfield>
    <subfield code="h">[Atk-tallenne] :</subfield>
    <subfield code="b">harjoittele kertotaulua hauskalla tavalla /</subfield>
    <subfield code="c">[julk.] Young Genius Software.</subfield>
  </datafield>
  <datafield tag="260" ind1=" " ind2=" ">
    <subfield code="a">[S. l.] :</subfield>
    <subfield code="b">Young Genius Software,</subfield>
    <subfield code="c">[1998]</subfield>
  </datafield>
  <datafield tag="300" ind1=" " ind2=" ">
    <subfield code="a">1 CD-ROM-levy kotelossa.</subfield>
  </datafield>
  <datafield tag="500" ind1=" " ind2=" ">
    <subfield code="a">Laitteistovaatimukset: Vähintään 386-prosessori, 300 kt vapaata keskusmuist.</subfield>
  </datafield>
  <datafield tag="500" ind1=" " ind2=" ">
    <subfield code="a">On lainausoikeus.</subfield>
  </datafield>
  <datafield tag="500" ind1=" " ind2=" ">
    <subfield code="a">Ikäsuositus: 4-14-vuotiaille.</subfield>
  </datafield>
  <datafield tag="590" ind1=" " ind2=" ">
    <subfield code="a">V:1998; H:00080,00mk</subfield>
  </datafield>
  <datafield tag="650" ind1=" " ind2="7">
    <subfield code="a">matematiikka</subfield>
    <subfield code="x">oppimateriaali</subfield>
    <subfield code="x">multimedia</subfield>
    <subfield code="2">ysa</subfield>
  </datafield>
</record>