
<record format="MARC21" type="Bibliographic">
  <leader>00000nam a22     4a 4500</leader>
  <controlfield tag="001">1859602800</controlfield>
  <controlfield tag="003">KONVERSIO</controlfield>
  <controlfield tag="005">20180213134824.0</controlfield>
  <controlfield tag="008">990927s2000       ||||  o       |  eng|c</controlfield>
  <datafield tag="020" ind1=" " ind2=" ">
    <subfield code="a">1-85960-280-0</subfield>
    <subfield code="q">sid. :</subfield>
    <subfield code="c">149 FIM</subfield>
  </datafield>
  <datafield tag="035" ind1=" " ind2=" ">
    <subfield code="a">{80BAA70C-A310-00A3-0749-0030050E2A61}</subfield>
  </datafield>
  <datafield tag="041" ind1="0" ind2=" ">
    <subfield code="a">eng</subfield>
  </datafield>
  <datafield tag="084" ind1=" " ind2=" ">
    <subfield code="a">62.5112</subfield>
    <subfield code="2">ykl</subfield>
  </datafield>
  <datafield tag="100" ind1="1" ind2=" ">
    <subfield code="a">Henderson, Bob.</subfield>
  </datafield>
  <datafield tag="245" ind1="1" ind2="0">
    <subfield code="a">Suzuki SJ series &amp; Vitara :</subfield>
    <subfield code="b">service and repair manual /</subfield>
    <subfield code="c">Bob Henderson, A. K. Legg.</subfield>
  </datafield>
  <datafield tag="260" ind1=" " ind2=" ">
    <subfield code="a">Sparkford :</subfield>
    <subfield code="b">Haynes,</subfield>
    <subfield code="c">2000.</subfield>
  </datafield>
  <datafield tag="300" ind1=" " ind2=" ">
    <subfield code="a">[300] s. useina sivunumerojaksoina :</subfield>
    <subfield code="b">kuv. ;</subfield>
    <subfield code="c">30 cm.</subfield>
  </datafield>
  <datafield tag="500" ind1=" " ind2=" ">
    <subfield code="a"></subfield>
  </datafield>
  <datafield tag="500" ind1=" " ind2=" ">
    <subfield code="a">Models covered: Suzuki SJ 410 &amp; SJ 413 models 1982-1997, including Santana,.</subfield>
  </datafield>
  <datafield tag="590" ind1=" " ind2=" ">
    <subfield code="a">V:2000; H:00149,00mk</subfield>
  </datafield>
  <datafield tag="650" ind1=" " ind2="7">
    <subfield code="a">automerkit</subfield>
    <subfield code="x">Suzuki</subfield>
    <subfield code="2">ysa</subfield>
  </datafield>
  <datafield tag="650" ind1=" " ind2="7">
    <subfield code="a">Suzuki SJ</subfield>
    <subfield code="2">ysa</subfield>
  </datafield>
  <datafield tag="650" ind1=" " ind2="7">
    <subfield code="a">Suzuki Vitara</subfield>
    <subfield code="2">ysa</subfield>
  </datafield>
  <datafield tag="700" ind1="1" ind2=" ">
    <subfield code="a">Legg, A. K.</subfield>
  </datafield>
</record>