
<record format="MARC21" type="Bibliographic">
  <leader>00000cam a2200181 a 4500</leader>
  <controlfield tag="001">9510082686</controlfield>
  <controlfield tag="003">KONVERSIO</controlfield>
  <controlfield tag="005">20180213134824.0</controlfield>
  <controlfield tag="008">801219s1977    fi |||||||||| |||| afin| </controlfield>
  <datafield tag="020" ind1=" " ind2=" ">
    <subfield code="a">951-0-08268-6</subfield>
    <subfield code="q">nid.</subfield>
  </datafield>
  <datafield tag="020" ind1=" " ind2=" ">
    <subfield code="a">951-0-08269-4</subfield>
    <subfield code="q">sid.</subfield>
  </datafield>
  <datafield tag="035" ind1=" " ind2=" ">
    <subfield code="a">{E2DD5510-A310-00A3-0749-0030050E2A61}</subfield>
  </datafield>
  <datafield tag="041" ind1="0" ind2=" ">
    <subfield code="a">fin</subfield>
  </datafield>
  <datafield tag="084" ind1=" " ind2=" ">
    <subfield code="a">86.2</subfield>
    <subfield code="2">ykl</subfield>
  </datafield>
  <datafield tag="100" ind1="1" ind2=" ">
    <subfield code="a">Harmaja, Saima.</subfield>
  </datafield>
  <datafield tag="245" ind1="1" ind2="0">
    <subfield code="a">Varhainen kevät :</subfield>
    <subfield code="b">lisälehtiä Saima Harmajan päiväkirjoista /</subfield>
    <subfield code="c">toim. Kirsti Toppari.</subfield>
  </datafield>
  <datafield tag="260" ind1=" " ind2=" ">
    <subfield code="a">Porvoo ;</subfield>
    <subfield code="a">Hki ;</subfield>
    <subfield code="a">Juva :</subfield>
    <subfield code="b">WSOY,</subfield>
    <subfield code="c">1977</subfield>
    <subfield code="e">(Porvoo)</subfield>
  </datafield>
  <datafield tag="300" ind1=" " ind2=" ">
    <subfield code="a">226, [1] s. ;</subfield>
    <subfield code="c">21 cm.</subfield>
  </datafield>
  <datafield tag="590" ind1=" " ind2=" ">
    <subfield code="a">V:1977; H:   45,00mk</subfield>
  </datafield>
  <datafield tag="700" ind1="1" ind2=" ">
    <subfield code="a">Toppari, Kirsti.</subfield>
  </datafield>
</record>