
<record format="MARC21" type="Bibliographic">
  <leader>00000nam a22     5a 4500</leader>
  <controlfield tag="001">0340231742</controlfield>
  <controlfield tag="003">KONVERSIO</controlfield>
  <controlfield tag="005">20180213134824.0</controlfield>
  <controlfield tag="008">930507s1983    xxk|||||||||| ||||1|eng|c</controlfield>
  <datafield tag="020" ind1=" " ind2=" ">
    <subfield code="a">0-340-23174-2</subfield>
  </datafield>
  <datafield tag="035" ind1=" " ind2=" ">
    <subfield code="a">{30001211-A310-00A3-0749-0030050E2A61}</subfield>
  </datafield>
  <datafield tag="041" ind1="1" ind2=" ">
    <subfield code="a">eng</subfield>
    <subfield code="h">fre</subfield>
  </datafield>
  <datafield tag="084" ind1=" " ind2=" ">
    <subfield code="a">85.35</subfield>
    <subfield code="2">ykl</subfield>
  </datafield>
  <datafield tag="100" ind1="1" ind2=" ">
    <subfield code="a">Goscinny, René.</subfield>
  </datafield>
  <datafield tag="245" ind1="1" ind2="0">
    <subfield code="a">Asterix and the banquet /</subfield>
    <subfield code="c">text by Goscinny ; drawings by Uderzo.</subfield>
  </datafield>
  <datafield tag="260" ind1=" " ind2=" ">
    <subfield code="a">London :</subfield>
    <subfield code="b">Hodder Dargaud,</subfield>
    <subfield code="c">1983.</subfield>
  </datafield>
  <datafield tag="300" ind1=" " ind2=" ">
    <subfield code="a">48 s.</subfield>
  </datafield>
  <datafield tag="590" ind1=" " ind2=" ">
    <subfield code="a">V:1983; H:   74,00mk</subfield>
  </datafield>
</record>