
<record format="MARC21" type="Bibliographic">
  <leader>00000cam a22      a 4500</leader>
  <controlfield tag="001">1900949652</controlfield>
  <controlfield tag="003">KONVERSIO</controlfield>
  <controlfield tag="005">20180213134824.0</controlfield>
  <controlfield tag="008">020412s2002       ||||  o       |  eng| </controlfield>
  <datafield tag="020" ind1=" " ind2=" ">
    <subfield code="a">1-900949-65-2</subfield>
    <subfield code="q">nid. :</subfield>
    <subfield code="c">35.80 EUR</subfield>
  </datafield>
  <datafield tag="035" ind1=" " ind2=" ">
    <subfield code="a">{839DDA11-A310-00A3-0749-0030050E2A61}</subfield>
  </datafield>
  <datafield tag="041" ind1="0" ind2=" ">
    <subfield code="a">eng</subfield>
  </datafield>
  <datafield tag="084" ind1=" " ind2=" ">
    <subfield code="a">48.27</subfield>
    <subfield code="2">ykl</subfield>
  </datafield>
  <datafield tag="100" ind1="1" ind2=" ">
    <subfield code="a">Hodd, Michael.</subfield>
  </datafield>
  <datafield tag="245" ind1="1" ind2="0">
    <subfield code="a">East Africa handbook :</subfield>
    <subfield code="b">the travel guide /</subfield>
    <subfield code="c">Michael Hodd.</subfield>
  </datafield>
  <datafield tag="246" ind1="3" ind2=" ">
    <subfield code="a">Wildlife of East and Southern Africa</subfield>
  </datafield>
  <datafield tag="250" ind1=" " ind2=" ">
    <subfield code="a">7th ed.</subfield>
  </datafield>
  <datafield tag="260" ind1=" " ind2=" ">
    <subfield code="a">Bath :</subfield>
    <subfield code="b">Footprint Handbooks,</subfield>
    <subfield code="c">cop. 2002.</subfield>
  </datafield>
  <datafield tag="300" ind1=" " ind2=" ">
    <subfield code="a">974, [5] s., 31, [1] kuvas., [8] karttas. :</subfield>
    <subfield code="b">kuv., kartt. ;</subfield>
    <subfield code="c">21 cm.</subfield>
  </datafield>
  <datafield tag="490" ind1="1" ind2=" ">
    <subfield code="a">Footprint handbook</subfield>
  </datafield>
  <datafield tag="500" ind1=" " ind2=" ">
    <subfield code="a"></subfield>
  </datafield>
  <datafield tag="500" ind1=" " ind2=" ">
    <subfield code="a">Liitteenä Wildlife of East and Southern Africa.</subfield>
  </datafield>
  <datafield tag="651" ind1=" " ind2="7">
    <subfield code="a">Itä-Afrikka</subfield>
    <subfield code="x">matkaoppaat</subfield>
    <subfield code="2">ysa</subfield>
  </datafield>
  <datafield tag="651" ind1=" " ind2="7">
    <subfield code="a">Kenia</subfield>
    <subfield code="x">matkaoppaat</subfield>
    <subfield code="2">ysa</subfield>
  </datafield>
  <datafield tag="651" ind1=" " ind2="7">
    <subfield code="a">Tansania</subfield>
    <subfield code="x">matkaoppaat</subfield>
    <subfield code="2">ysa</subfield>
  </datafield>
  <datafield tag="651" ind1=" " ind2="7">
    <subfield code="a">Uganda</subfield>
    <subfield code="x">matkaoppaat</subfield>
    <subfield code="2">ysa</subfield>
  </datafield>
  <datafield tag="651" ind1=" " ind2="7">
    <subfield code="a">Etiopia</subfield>
    <subfield code="x">matkaoppaat</subfield>
    <subfield code="2">ysa</subfield>
  </datafield>
  <datafield tag="651" ind1=" " ind2="7">
    <subfield code="a">Eritrea</subfield>
    <subfield code="x">matkaoppaat</subfield>
    <subfield code="2">ysa</subfield>
  </datafield>
  <datafield tag="651" ind1=" " ind2="7">
    <subfield code="a">Djibouti</subfield>
    <subfield code="x">matkaoppaat</subfield>
    <subfield code="2">ysa</subfield>
  </datafield>
  <datafield tag="830" ind1=" " ind2="0">
    <subfield code="a">Footprint handbook.</subfield>
  </datafield>
</record>