
<record format="MARC21" type="Bibliographic">
  <leader>00000ccm a22     4a 4500</leader>
  <controlfield tag="001">5714007247</controlfield>
  <controlfield tag="003">KONVERSIO</controlfield>
  <controlfield tag="005">20180213134824.0</controlfield>
  <controlfield tag="007">              </controlfield>
  <controlfield tag="008">031030s2001    ru || |  ||||||  |||rus|c</controlfield>
  <datafield tag="020" ind1=" " ind2=" ">
    <subfield code="a">5-7140-0724-7</subfield>
    <subfield code="q">nid. :</subfield>
    <subfield code="c">6 EUR</subfield>
  </datafield>
  <datafield tag="028" ind1="0" ind2="1">
    <subfield code="b">Muzyka</subfield>
    <subfield code="a">102598</subfield>
  </datafield>
  <datafield tag="035" ind1=" " ind2=" ">
    <subfield code="a">{90A44312-A310-00A3-0749-0030050E2A61}</subfield>
  </datafield>
  <datafield tag="041" ind1="0" ind2=" ">
    <subfield code="a">rus</subfield>
  </datafield>
  <datafield tag="084" ind1=" " ind2=" ">
    <subfield code="a">78.81</subfield>
    <subfield code="2">ykl</subfield>
  </datafield>
  <datafield tag="245" ind1="0" ind2="0">
    <subfield code="a">Barkarola :</subfield>
    <subfield code="b">Albom populjarnyh pjes dlja fleity i fortepiano = Barcarole : Album of popular pieces for flute and piano.</subfield>
  </datafield>
  <datafield tag="260" ind1=" " ind2=" ">
    <subfield code="a">Moskva :</subfield>
    <subfield code="b">Muzyka,</subfield>
    <subfield code="c">2001.</subfield>
  </datafield>
  <datafield tag="300" ind1=" " ind2=" ">
    <subfield code="a">38 s. :</subfield>
    <subfield code="b">nuott. ;</subfield>
    <subfield code="c">29 cm +</subfield>
    <subfield code="e">1 ääni (huilu)</subfield>
  </datafield>
  <datafield tag="505" ind1="0" ind2=" ">
    <subfield code="a">Aaria oopperasta Taikahuilu / W. A. Mozart ; Gavotti / J.-B. Lully ; Kevätl.</subfield>
  </datafield>
</record>