
<record format="MARC21" type="Bibliographic">
  <leader>00000ncm a22     5a 4500</leader>
  <controlfield tag="001">0711907072</controlfield>
  <controlfield tag="003">KONVERSIO</controlfield>
  <controlfield tag="005">20180213134824.0</controlfield>
  <controlfield tag="007">qu</controlfield>
  <controlfield tag="008">951123s1985    xxkrcz||||||||||||||eng|c</controlfield>
  <datafield tag="020" ind1=" " ind2=" ">
    <subfield code="a">0-7119-0707-2</subfield>
  </datafield>
  <datafield tag="028" ind1="0" ind2="1">
    <subfield code="b">Wise Publications</subfield>
    <subfield code="a">AM40007</subfield>
  </datafield>
  <datafield tag="035" ind1=" " ind2=" ">
    <subfield code="a">{44C97714-A310-00A3-0749-0030050E2A61}</subfield>
  </datafield>
  <datafield tag="041" ind1="0" ind2=" ">
    <subfield code="a">eng</subfield>
  </datafield>
  <datafield tag="084" ind1=" " ind2=" ">
    <subfield code="a">78.891</subfield>
    <subfield code="2">ykl</subfield>
  </datafield>
  <datafield tag="245" ind1="0" ind2="0">
    <subfield code="a">It&apos;s easy to play Stevie Wonder.</subfield>
    <subfield code="h">[Nuottijulkaisu] /</subfield>
    <subfield code="c">[words and music by Stevie Wonder ...et al.] ; arranged by Roger Day.</subfield>
  </datafield>
  <datafield tag="260" ind1=" " ind2=" ">
    <subfield code="a">London :</subfield>
    <subfield code="b">Wise Publications,</subfield>
    <subfield code="c">1985.</subfield>
  </datafield>
  <datafield tag="300" ind1=" " ind2=" ">
    <subfield code="a">1 sävelmäkokoelma :</subfield>
    <subfield code="b">nuott., kuv. ;</subfield>
    <subfield code="c">30 cm.</subfield>
  </datafield>
  <datafield tag="500" ind1=" " ind2=" ">
    <subfield code="a">Sanat, helpot pianosovitukset, kitarasointumerkit.</subfield>
  </datafield>
  <datafield tag="590" ind1=" " ind2=" ">
    <subfield code="a">V:1985; H:   46,80mk</subfield>
  </datafield>
  <datafield tag="700" ind1="1" ind2=" ">
    <subfield code="a">Day, Roger,</subfield>
    <subfield code="e">sov.</subfield>
  </datafield>
  <datafield tag="900" ind1="1" ind2=" ">
    <subfield code="a">Wonder, Stevie</subfield>
  </datafield>
</record>