
<record format="MARC21" type="Bibliographic">
  <leader>00000nam a22     5a 4500</leader>
  <controlfield tag="001">0330029487</controlfield>
  <controlfield tag="003">KONVERSIO</controlfield>
  <controlfield tag="005">20180213134824.0</controlfield>
  <controlfield tag="008">951123s1983    xxk|||||||||| ||||f|eng|c</controlfield>
  <datafield tag="020" ind1=" " ind2=" ">
    <subfield code="a">0-330-02948-7</subfield>
  </datafield>
  <datafield tag="035" ind1=" " ind2=" ">
    <subfield code="a">{2DC4F214-A310-00A3-0749-0030050E2A61}</subfield>
  </datafield>
  <datafield tag="041" ind1="0" ind2=" ">
    <subfield code="a">eng</subfield>
  </datafield>
  <datafield tag="084" ind1=" " ind2=" ">
    <subfield code="a">84.5</subfield>
    <subfield code="2">ykl</subfield>
  </datafield>
  <datafield tag="100" ind1="1" ind2=" ">
    <subfield code="a">Austen, Jane.</subfield>
  </datafield>
  <datafield tag="245" ind1="1" ind2="0">
    <subfield code="a">Mansfield Park /</subfield>
    <subfield code="c">Jane Austen ; with an introduction by Monica Dickens and notes by W. A. Craik.</subfield>
  </datafield>
  <datafield tag="260" ind1=" " ind2=" ">
    <subfield code="a">London :</subfield>
    <subfield code="b">Pan Books,,</subfield>
    <subfield code="c">1983.</subfield>
  </datafield>
  <datafield tag="300" ind1=" " ind2=" ">
    <subfield code="a">384 s.</subfield>
  </datafield>
  <datafield tag="590" ind1=" " ind2=" ">
    <subfield code="a">V:1983; H:   26,00mk</subfield>
  </datafield>
</record>