
<record format="MARC21" type="Bibliographic">
  <leader>00000cam a22     5a 4500</leader>
  <controlfield tag="001">9510094021</controlfield>
  <controlfield tag="003">KONVERSIO</controlfield>
  <controlfield tag="005">20180213134824.0</controlfield>
  <controlfield tag="008">791219s1979    fi |||||||||| ||||f|fin|c</controlfield>
  <datafield tag="020" ind1=" " ind2=" ">
    <subfield code="a">951-0-09402-1</subfield>
    <subfield code="q">sid. :</subfield>
    <subfield code="c">64 mk</subfield>
  </datafield>
  <datafield tag="035" ind1=" " ind2=" ">
    <subfield code="a">{F2170315-A310-00A3-0749-0030050E2A61}</subfield>
  </datafield>
  <datafield tag="041" ind1="1" ind2=" ">
    <subfield code="a">fin</subfield>
    <subfield code="h">eng</subfield>
  </datafield>
  <datafield tag="084" ind1=" " ind2=" ">
    <subfield code="a">84.2</subfield>
    <subfield code="2">ykl</subfield>
  </datafield>
  <datafield tag="100" ind1="1" ind2=" ">
    <subfield code="a">Le Guin, Ursula K.</subfield>
  </datafield>
  <datafield tag="240" ind1="1" ind2="4">
    <subfield code="a">The dispossessed</subfield>
  </datafield>
  <datafield tag="245" ind1="1" ind2="0">
    <subfield code="a">Osattomien planeetta /</subfield>
    <subfield code="c">Ursula K. Le Guin ; suom. Kalevi Nyytäjä.</subfield>
  </datafield>
  <datafield tag="260" ind1=" " ind2=" ">
    <subfield code="a">Porvoo ;</subfield>
    <subfield code="a">Hki ;</subfield>
    <subfield code="a">Juva :</subfield>
    <subfield code="b">WSOY,</subfield>
    <subfield code="c">1979</subfield>
    <subfield code="e">(Juva)</subfield>
  </datafield>
  <datafield tag="300" ind1=" " ind2=" ">
    <subfield code="a">413 s. :</subfield>
    <subfield code="b">kuv. ;</subfield>
    <subfield code="c">21 cm.</subfield>
  </datafield>
  <datafield tag="490" ind1="1" ind2=" ">
    <subfield code="a">Sci-fi</subfield>
  </datafield>
  <datafield tag="590" ind1=" " ind2=" ">
    <subfield code="a">V:1979; H:   64,00mk</subfield>
  </datafield>
  <datafield tag="650" ind1=" " ind2="7">
    <subfield code="a">tieteiskirjallisuus</subfield>
    <subfield code="2">kaunokki</subfield>
  </datafield>
  <datafield tag="700" ind1="1" ind2=" ">
    <subfield code="a">Nyytäjä, Kalevi.</subfield>
  </datafield>
  <datafield tag="830" ind1=" " ind2="0">
    <subfield code="a">Sci-fi.</subfield>
  </datafield>
  <datafield tag="900" ind1="1" ind2=" ">
    <subfield code="a">Guin, Ursula Le</subfield>
    <subfield code="y">Le Guin, Ursula</subfield>
  </datafield>
</record>