
<record format="MARC21" type="Bibliographic">
  <leader>00000nam a22      a 4500</leader>
  <controlfield tag="001">0500203695</controlfield>
  <controlfield tag="003">KONVERSIO</controlfield>
  <controlfield tag="005">20180213134824.0</controlfield>
  <controlfield tag="008">030311s2003       ||||  o       |  eng| </controlfield>
  <datafield tag="020" ind1=" " ind2=" ">
    <subfield code="a">0-500-20369-5</subfield>
    <subfield code="q">nid. :</subfield>
    <subfield code="c">15.90 EUR</subfield>
  </datafield>
  <datafield tag="035" ind1=" " ind2=" ">
    <subfield code="a">{36EB9915-A310-00A3-0749-0030050E2A61}</subfield>
  </datafield>
  <datafield tag="041" ind1="0" ind2=" ">
    <subfield code="a">eng</subfield>
  </datafield>
  <datafield tag="084" ind1=" " ind2=" ">
    <subfield code="a">76.2</subfield>
    <subfield code="2">ykl</subfield>
  </datafield>
  <datafield tag="084" ind1=" " ind2=" ">
    <subfield code="a">49.5</subfield>
    <subfield code="2">ykl</subfield>
  </datafield>
  <datafield tag="100" ind1="1" ind2=" ">
    <subfield code="a">Schoeser, Mary.</subfield>
  </datafield>
  <datafield tag="245" ind1="1" ind2="0">
    <subfield code="a">World textiles :</subfield>
    <subfield code="b">a concise history /</subfield>
    <subfield code="c">Mary Schoeser.</subfield>
  </datafield>
  <datafield tag="260" ind1=" " ind2=" ">
    <subfield code="a">London :</subfield>
    <subfield code="b">Thames &amp; Hudson,</subfield>
    <subfield code="c">2003.</subfield>
  </datafield>
  <datafield tag="300" ind1=" " ind2=" ">
    <subfield code="a">224 s. :</subfield>
    <subfield code="b">kuv. ;</subfield>
    <subfield code="c">21 cm.</subfield>
  </datafield>
  <datafield tag="490" ind1="1" ind2=" ">
    <subfield code="a">World of art</subfield>
  </datafield>
  <datafield tag="500" ind1=" " ind2=" ">
    <subfield code="a"></subfield>
  </datafield>
  <datafield tag="504" ind1=" " ind2=" ">
    <subfield code="a">S. 216-217: Select bibliography.</subfield>
  </datafield>
  <datafield tag="650" ind1=" " ind2="7">
    <subfield code="a">tekstiilitaide</subfield>
    <subfield code="x">historia</subfield>
    <subfield code="2">ysa</subfield>
  </datafield>
  <datafield tag="650" ind1=" " ind2="7">
    <subfield code="a">tekstiilit</subfield>
    <subfield code="x">historia</subfield>
    <subfield code="2">ysa</subfield>
  </datafield>
  <datafield tag="650" ind1=" " ind2="7">
    <subfield code="a">kansanperinne</subfield>
    <subfield code="x">tekstiilit</subfield>
    <subfield code="2">ysa</subfield>
  </datafield>
  <datafield tag="650" ind1=" " ind2="7">
    <subfield code="a">käsityöperinne</subfield>
    <subfield code="2">ysa</subfield>
  </datafield>
  <datafield tag="830" ind1=" " ind2="0">
    <subfield code="a">World of art.</subfield>
  </datafield>
</record>