
<record format="MARC21" type="Bibliographic">
  <leader>00000ccm a22     4a 4500</leader>
  <controlfield tag="001">0634017179</controlfield>
  <controlfield tag="003">KONVERSIO</controlfield>
  <controlfield tag="005">20180213134824.0</controlfield>
  <controlfield tag="007">              </controlfield>
  <controlfield tag="008">011208q2001    xxumpz|  ||||||  |||eng|c</controlfield>
  <datafield tag="020" ind1=" " ind2=" ">
    <subfield code="a">0-634-01717-9 :</subfield>
    <subfield code="c">19.34 EUR</subfield>
  </datafield>
  <datafield tag="028" ind1="0" ind2="1">
    <subfield code="b">Hal Leonard</subfield>
    <subfield code="a">HL00310608</subfield>
  </datafield>
  <datafield tag="035" ind1=" " ind2=" ">
    <subfield code="a">{404EB415-A310-00A3-0749-0030050E2A61}</subfield>
  </datafield>
  <datafield tag="041" ind1="0" ind2=" ">
    <subfield code="a">eng</subfield>
  </datafield>
  <datafield tag="084" ind1=" " ind2=" ">
    <subfield code="a">78.355</subfield>
    <subfield code="2">ykl</subfield>
  </datafield>
  <datafield tag="084" ind1=" " ind2=" ">
    <subfield code="a">78.61</subfield>
    <subfield code="2">ykl</subfield>
  </datafield>
  <datafield tag="245" ind1="0" ind2="4">
    <subfield code="a">The best film scores</subfield>
    <subfield code="h">[Nuottijulkaisu] :</subfield>
    <subfield code="b">easy piano.</subfield>
  </datafield>
  <datafield tag="260" ind1=" " ind2=" ">
    <subfield code="a">Milwaukee (WI) :</subfield>
    <subfield code="b">Hal Leonard,</subfield>
    <subfield code="c">[2001]</subfield>
  </datafield>
  <datafield tag="300" ind1=" " ind2=" ">
    <subfield code="a">96 s. :</subfield>
    <subfield code="b">nuott. ;</subfield>
    <subfield code="c">30 cm.</subfield>
  </datafield>
  <datafield tag="505" ind1="0" ind2=" ">
    <subfield code="a">The John Dunbar theme (elokuvasta Dances with wolves) ; The friendship them.</subfield>
  </datafield>
  <datafield tag="600" ind1="1" ind2="4">
    <subfield code="a">Barry, John,</subfield>
    <subfield code="d">1933-</subfield>
    <subfield code="x">säveltäjät.</subfield>
  </datafield>
  <datafield tag="600" ind1="1" ind2="4">
    <subfield code="a">Delerue, Georges,</subfield>
    <subfield code="d">1925-1992</subfield>
    <subfield code="x">säveltäjät.</subfield>
  </datafield>
  <datafield tag="600" ind1="1" ind2="4">
    <subfield code="a">Doyle, Patrick,</subfield>
    <subfield code="d">1953-</subfield>
    <subfield code="x">säveltäjät.</subfield>
  </datafield>
  <datafield tag="600" ind1="1" ind2="4">
    <subfield code="a">Goldsmith, Jerry,</subfield>
    <subfield code="d">1929-</subfield>
    <subfield code="x">säveltäjät.</subfield>
  </datafield>
  <datafield tag="600" ind1="1" ind2="4">
    <subfield code="a">Grusin, Dave,</subfield>
    <subfield code="d">1934-</subfield>
    <subfield code="x">säveltäjät.</subfield>
  </datafield>
  <datafield tag="600" ind1="1" ind2="4">
    <subfield code="a">Herrmann, Bernard,</subfield>
    <subfield code="d">1911-1975</subfield>
    <subfield code="x">säveltäjät.</subfield>
  </datafield>
  <datafield tag="600" ind1="1" ind2="4">
    <subfield code="a">Jarre, Maurice,</subfield>
    <subfield code="d">1924-</subfield>
    <subfield code="x">säveltäjät.</subfield>
  </datafield>
  <datafield tag="600" ind1="1" ind2="4">
    <subfield code="a">Mancini, Henry,</subfield>
    <subfield code="d">1924-1994</subfield>
    <subfield code="x">säveltäjät.</subfield>
  </datafield>
  <datafield tag="600" ind1="1" ind2="4">
    <subfield code="a">Morricone, Ennio,</subfield>
    <subfield code="d">1928-</subfield>
    <subfield code="x">säveltäjät.</subfield>
  </datafield>
  <datafield tag="600" ind1="1" ind2="4">
    <subfield code="a">Rota, Nino,</subfield>
    <subfield code="d">1911-1979</subfield>
    <subfield code="x">säveltäjät.</subfield>
  </datafield>
  <datafield tag="600" ind1="1" ind2="4">
    <subfield code="a">Rózsa, Miklós,</subfield>
    <subfield code="d">1907-1995</subfield>
    <subfield code="x">säveltäjät.</subfield>
  </datafield>
  <datafield tag="600" ind1="1" ind2="4">
    <subfield code="a">Silvestri, Alan,</subfield>
    <subfield code="d">1950-</subfield>
    <subfield code="x">säveltäjät.</subfield>
  </datafield>
  <datafield tag="600" ind1="1" ind2="4">
    <subfield code="a">Williams, John,</subfield>
    <subfield code="d">1932-</subfield>
    <subfield code="x">säveltäjät.</subfield>
  </datafield>
  <datafield tag="600" ind1="1" ind2="4">
    <subfield code="a">Yared, Gabriel,</subfield>
    <subfield code="d">1949-</subfield>
    <subfield code="x">säveltäjät.</subfield>
  </datafield>
  <datafield tag="600" ind1="0" ind2="4">
    <subfield code="a">Vangelis,</subfield>
    <subfield code="d">1943-</subfield>
    <subfield code="x">säveltäjät.</subfield>
  </datafield>
  <datafield tag="650" ind1=" " ind2="7">
    <subfield code="a">elokuvamusiikki</subfield>
    <subfield code="2">musa</subfield>
  </datafield>
</record>