
<record format="MARC21" type="Bibliographic">
  <leader>00000nam a22     5a 4500</leader>
  <controlfield tag="001">0713470313</controlfield>
  <controlfield tag="003">KONVERSIO</controlfield>
  <controlfield tag="005">20180213134824.0</controlfield>
  <controlfield tag="008">951123s1992    xxk|||||||||| |||| |eng|c</controlfield>
  <datafield tag="020" ind1=" " ind2=" ">
    <subfield code="a">0-7134-7031-3</subfield>
  </datafield>
  <datafield tag="035" ind1=" " ind2=" ">
    <subfield code="a">{4F875716-A310-00A3-0749-0030050E2A61}</subfield>
  </datafield>
  <datafield tag="041" ind1="0" ind2=" ">
    <subfield code="a">eng</subfield>
  </datafield>
  <datafield tag="084" ind1=" " ind2=" ">
    <subfield code="a">65.1</subfield>
    <subfield code="2">ykl</subfield>
  </datafield>
  <datafield tag="100" ind1="1" ind2=" ">
    <subfield code="a">Weldon, David.</subfield>
  </datafield>
  <datafield tag="245" ind1="1" ind2="0">
    <subfield code="a">Shapes for woodturners /</subfield>
    <subfield code="c">David Weldon.</subfield>
  </datafield>
  <datafield tag="260" ind1=" " ind2=" ">
    <subfield code="a">London :</subfield>
    <subfield code="b">Batsford,</subfield>
    <subfield code="c">1992.</subfield>
  </datafield>
  <datafield tag="300" ind1=" " ind2=" ">
    <subfield code="a">127 s. :</subfield>
    <subfield code="b">kuv.</subfield>
  </datafield>
  <datafield tag="590" ind1=" " ind2=" ">
    <subfield code="a">V:1992; H:  217,00mk</subfield>
  </datafield>
  <datafield tag="650" ind1=" " ind2="7">
    <subfield code="a">sorvaus</subfield>
    <subfield code="x">puu</subfield>
    <subfield code="2">ysa</subfield>
  </datafield>
</record>