
<record format="MARC21" type="Bibliographic">
  <leader>00000ccm a22     5a 4500</leader>
  <controlfield tag="001">0560012438</controlfield>
  <controlfield tag="003">KONVERSIO</controlfield>
  <controlfield tag="005">20180213134824.0</controlfield>
  <controlfield tag="007">              </controlfield>
  <controlfield tag="008">951123s1980    xxk||z|j ||||||  |||eng|c</controlfield>
  <datafield tag="020" ind1=" " ind2=" ">
    <subfield code="a">0-560-01243-8</subfield>
  </datafield>
  <datafield tag="035" ind1=" " ind2=" ">
    <subfield code="a">{3A266916-A310-00A3-0749-0030050E2A61}</subfield>
  </datafield>
  <datafield tag="041" ind1="0" ind2=" ">
    <subfield code="a">eng</subfield>
  </datafield>
  <datafield tag="084" ind1=" " ind2=" ">
    <subfield code="a">78.8107</subfield>
    <subfield code="2">ykl</subfield>
  </datafield>
  <datafield tag="245" ind1="0" ind2="0">
    <subfield code="a">Recorder from the beginning.</subfield>
    <subfield code="p">Book 1</subfield>
    <subfield code="h">[Nuottijulkaisu] /</subfield>
    <subfield code="c">John Pitts.</subfield>
  </datafield>
  <datafield tag="260" ind1=" " ind2=" ">
    <subfield code="a">S.l. :</subfield>
    <subfield code="b">E.J. Arnold &amp; Son,</subfield>
    <subfield code="c">1980.</subfield>
  </datafield>
  <datafield tag="300" ind1=" " ind2=" ">
    <subfield code="a">40 s. :</subfield>
    <subfield code="b">nuott. ;</subfield>
    <subfield code="c">20 x 25 cm.</subfield>
  </datafield>
  <datafield tag="590" ind1=" " ind2=" ">
    <subfield code="a">V:1980; H:00016,00mk</subfield>
  </datafield>
  <datafield tag="650" ind1=" " ind2="7">
    <subfield code="a">soitonoppaat</subfield>
    <subfield code="x">nokkahuilu</subfield>
    <subfield code="x">lapset</subfield>
    <subfield code="2">ysa</subfield>
  </datafield>
</record>