
<record format="MARC21" type="Bibliographic">
  <leader>00000ccm a22     4a 4500</leader>
  <controlfield tag="001">0711992568</controlfield>
  <controlfield tag="003">KONVERSIO</controlfield>
  <controlfield tag="005">20180213134824.0</controlfield>
  <controlfield tag="007">              </controlfield>
  <controlfield tag="008">020225s2001    xxkrcz|  ||||||  |||eng|c</controlfield>
  <datafield tag="020" ind1=" " ind2=" ">
    <subfield code="c">32.90 EUR</subfield>
    <subfield code="q">0-7119-9256-8</subfield>
  </datafield>
  <datafield tag="028" ind1="0" ind2="1">
    <subfield code="b">Wise Publications</subfield>
    <subfield code="a">AM973456</subfield>
  </datafield>
  <datafield tag="035" ind1=" " ind2=" ">
    <subfield code="a">{4E077817-A310-00A3-0749-0030050E2A61}</subfield>
  </datafield>
  <datafield tag="041" ind1="0" ind2=" ">
    <subfield code="a">eng</subfield>
  </datafield>
  <datafield tag="084" ind1=" " ind2=" ">
    <subfield code="a">78.891</subfield>
    <subfield code="2">ykl</subfield>
  </datafield>
  <datafield tag="100" ind1="1" ind2=" ">
    <subfield code="a">Spears, Britney,</subfield>
    <subfield code="e">esitt.</subfield>
  </datafield>
  <datafield tag="245" ind1="1" ind2="0">
    <subfield code="a">Britney</subfield>
    <subfield code="h">[Nuottijulkaisu] /</subfield>
    <subfield code="c">Britney Spears ; [music arrangements by Derek Jones].</subfield>
  </datafield>
  <datafield tag="260" ind1=" " ind2=" ">
    <subfield code="a">London :</subfield>
    <subfield code="b">Wise Publications,</subfield>
    <subfield code="c">2001.</subfield>
  </datafield>
  <datafield tag="300" ind1=" " ind2=" ">
    <subfield code="a">88 s. :</subfield>
    <subfield code="b">nuott. ; kuv. ;</subfield>
    <subfield code="c">30 cm.</subfield>
  </datafield>
  <datafield tag="505" ind1="0" ind2=" ">
    <subfield code="a">I&apos;m a slave 4 U ; Overprotected ; Lonely ; I&apos;m not a girl, not yet a woman .</subfield>
  </datafield>
</record>