
<record format="MARC21" type="Bibliographic">
  <leader>00000nam a22      a 4500</leader>
  <controlfield tag="001">1841591319</controlfield>
  <controlfield tag="003">KONVERSIO</controlfield>
  <controlfield tag="005">20180213134825.0</controlfield>
  <controlfield tag="008">040427s2004    xxk|||||||||| ||||f eng| </controlfield>
  <datafield tag="020" ind1=" " ind2=" ">
    <subfield code="a">1-84159-131-9</subfield>
    <subfield code="q">sid. :</subfield>
    <subfield code="c">17.80 EUR</subfield>
  </datafield>
  <datafield tag="035" ind1=" " ind2=" ">
    <subfield code="a">{76CE201B-A310-00A3-0749-0030050E2A61}</subfield>
  </datafield>
  <datafield tag="041" ind1="0" ind2=" ">
    <subfield code="a">eng</subfield>
  </datafield>
  <datafield tag="084" ind1=" " ind2=" ">
    <subfield code="a">84.5</subfield>
    <subfield code="2">ykl</subfield>
  </datafield>
  <datafield tag="100" ind1="1" ind2=" ">
    <subfield code="a">Wodehouse, P. G.</subfield>
  </datafield>
  <datafield tag="245" ind1="1" ind2="0">
    <subfield code="a">Ring for Jeeves /</subfield>
    <subfield code="c">P. G. Wodehouse.</subfield>
  </datafield>
  <datafield tag="250" ind1=" " ind2=" ">
    <subfield code="a">[New ed.]</subfield>
  </datafield>
  <datafield tag="260" ind1=" " ind2=" ">
    <subfield code="a">London :</subfield>
    <subfield code="b">Everyman,</subfield>
    <subfield code="c">2004.</subfield>
  </datafield>
  <datafield tag="300" ind1=" " ind2=" ">
    <subfield code="a">240 s. ;</subfield>
    <subfield code="c">20 cm.</subfield>
  </datafield>
  <datafield tag="490" ind1="1" ind2=" ">
    <subfield code="a">The Everyman Wodehouse</subfield>
  </datafield>
  <datafield tag="830" ind1=" " ind2="4">
    <subfield code="a">The Everyman Wodehouse.</subfield>
  </datafield>
</record>