
<record format="MARC21" type="Bibliographic">
  <leader>00000cam a22     5a 4500</leader>
  <controlfield tag="001">9510063495</controlfield>
  <controlfield tag="003">KONVERSIO</controlfield>
  <controlfield tag="005">20180213134825.0</controlfield>
  <controlfield tag="008">780727s1978    fi |||||||||| |||| |fin|c</controlfield>
  <datafield tag="020" ind1=" " ind2=" ">
    <subfield code="a">951-0-06349-5</subfield>
    <subfield code="q">sid. :</subfield>
    <subfield code="c">74,50 mk</subfield>
  </datafield>
  <datafield tag="020" ind1=" " ind2=" ">
    <subfield code="a">951-0-06340-1</subfield>
    <subfield code="q">sid.</subfield>
  </datafield>
  <datafield tag="035" ind1=" " ind2=" ">
    <subfield code="a">{CDA6B81C-A310-00A3-0749-0030050E2A61}</subfield>
  </datafield>
  <datafield tag="041" ind1="1" ind2=" ">
    <subfield code="a">fin</subfield>
    <subfield code="h">dan</subfield>
  </datafield>
  <datafield tag="084" ind1=" " ind2=" ">
    <subfield code="a">86</subfield>
    <subfield code="2">ykl</subfield>
  </datafield>
  <datafield tag="130" ind1="0" ind2=" ">
    <subfield code="a">Verdens litteraturhistorie</subfield>
  </datafield>
  <datafield tag="245" ind1="1" ind2="0">
    <subfield code="a">Kansojen kirjallisuus.</subfield>
    <subfield code="n">9,</subfield>
    <subfield code="p">Naturalismi (1860-1890) /</subfield>
    <subfield code="c">[toim. F. J. Billeskov Jansen, Hakon Stangerup, P. H. Traustedt ; suomal. laitoksen toim.: Lauri Viljanen] ; [suom. Kyllikki Villa].</subfield>
  </datafield>
  <datafield tag="260" ind1=" " ind2=" ">
    <subfield code="a">Porvoo ;</subfield>
    <subfield code="a">Hki ;</subfield>
    <subfield code="a">Juva :</subfield>
    <subfield code="b">WSOY,</subfield>
    <subfield code="c">1978</subfield>
    <subfield code="e">(Porvoo, väriliitteet pain. Tanskassa)</subfield>
  </datafield>
  <datafield tag="300" ind1=" " ind2=" ">
    <subfield code="a">VII, [1], 600 s., 12 kuval. :</subfield>
    <subfield code="b">kuv. ;</subfield>
    <subfield code="c">21 cm.</subfield>
  </datafield>
  <datafield tag="500" ind1=" " ind2=" ">
    <subfield code="a">Alkuteos: Naturalismen.</subfield>
  </datafield>
  <datafield tag="590" ind1=" " ind2=" ">
    <subfield code="a">V:1978; H:   74,50mk</subfield>
  </datafield>
  <datafield tag="650" ind1=" " ind2="7">
    <subfield code="a">naturalismi</subfield>
    <subfield code="2">ysa</subfield>
  </datafield>
  <datafield tag="700" ind1="1" ind2=" ">
    <subfield code="a">Billeskov Jansen, F. J.</subfield>
  </datafield>
  <datafield tag="700" ind1="1" ind2=" ">
    <subfield code="a">Stangerup, Hakon.</subfield>
  </datafield>
  <datafield tag="700" ind1="1" ind2=" ">
    <subfield code="a">Traustedt, P. H.</subfield>
  </datafield>
  <datafield tag="700" ind1="1" ind2=" ">
    <subfield code="a">Viljanen, Lauri,</subfield>
    <subfield code="d">1900-1984.</subfield>
  </datafield>
  <datafield tag="700" ind1="1" ind2=" ">
    <subfield code="a">Villa, Kyllikki,</subfield>
    <subfield code="d">1923-</subfield>
  </datafield>
  <datafield tag="900" ind1="1" ind2=" ">
    <subfield code="a">Jansen, F. J. Billeskov</subfield>
    <subfield code="y">Billeskov Jansen, F. J.</subfield>
  </datafield>
</record>