
<record format="MARC21" type="Bibliographic">
  <leader>00000nam a22001697a 4500</leader>
  <controlfield tag="001">f642594</controlfield>
  <controlfield tag="003">KONVERSIO</controlfield>
  <controlfield tag="005">20180213134825.0</controlfield>
  <controlfield tag="008">910222s1965    fi |||||||||| |||| |fin|c</controlfield>
  <datafield tag="015" ind1=" " ind2=" ">
    <subfield code="a">f642594</subfield>
    <subfield code="2">skl</subfield>
  </datafield>
  <datafield tag="020" ind1=" " ind2=" ">
    <subfield code="q">sid.</subfield>
  </datafield>
  <datafield tag="035" ind1=" " ind2=" ">
    <subfield code="a">{BE4B681D-A310-00A3-0749-0030050E2A61}</subfield>
  </datafield>
  <datafield tag="041" ind1="0" ind2=" ">
    <subfield code="a">fin</subfield>
  </datafield>
  <datafield tag="084" ind1=" " ind2=" ">
    <subfield code="a">67.61</subfield>
    <subfield code="2">ykl</subfield>
  </datafield>
  <datafield tag="245" ind1="0" ind2="0">
    <subfield code="a">Metsästäjän tietokirja /</subfield>
    <subfield code="c">[toim.] Tauno V. Mäki &amp; Keijo Nyberg ... [et al.] ; kuvitus: Gunnar Brusewitz ... [et al.].</subfield>
  </datafield>
  <datafield tag="260" ind1=" " ind2=" ">
    <subfield code="a">Helsinki :</subfield>
    <subfield code="b">Tietosanakirja,</subfield>
    <subfield code="c">1965.</subfield>
  </datafield>
  <datafield tag="300" ind1=" " ind2=" ">
    <subfield code="a">560 s. :</subfield>
    <subfield code="b">kuv.</subfield>
  </datafield>
  <datafield tag="500" ind1=" " ind2=" ">
    <subfield code="a">Lisäpainokset: 2.-3. p. 1966.</subfield>
  </datafield>
  <datafield tag="590" ind1=" " ind2=" ">
    <subfield code="a">V:1966; H:   56,60mk</subfield>
  </datafield>
  <datafield tag="650" ind1=" " ind2="7">
    <subfield code="a">metsästys</subfield>
    <subfield code="2">ysa</subfield>
  </datafield>
  <datafield tag="700" ind1="1" ind2=" ">
    <subfield code="a">Mäki, Tauno V.</subfield>
  </datafield>
  <datafield tag="700" ind1="1" ind2=" ">
    <subfield code="a">Nyberg, Keijo.</subfield>
  </datafield>
</record>