
<record format="MARC21" type="Bibliographic">
  <leader>00000cam a22     5a 4500</leader>
  <controlfield tag="001">9129557801</controlfield>
  <controlfield tag="003">KONVERSIO</controlfield>
  <controlfield tag="005">20180213134825.0</controlfield>
  <controlfield tag="008">821012s1982    sw ||||j |||| ||||f|swe|c</controlfield>
  <datafield tag="020" ind1=" " ind2=" ">
    <subfield code="a">91-29-55780-1</subfield>
    <subfield code="q">sid.</subfield>
  </datafield>
  <datafield tag="035" ind1=" " ind2=" ">
    <subfield code="a">{9B72AD1F-A310-00A3-0749-0030050E2A61}</subfield>
  </datafield>
  <datafield tag="041" ind1="1" ind2=" ">
    <subfield code="a">swe</subfield>
    <subfield code="h">fin</subfield>
  </datafield>
  <datafield tag="084" ind1=" " ind2=" ">
    <subfield code="a">85.231</subfield>
    <subfield code="2">ykl</subfield>
  </datafield>
  <datafield tag="100" ind1="1" ind2=" ">
    <subfield code="a">Kunnas, Mauri,</subfield>
    <subfield code="d">1950-</subfield>
  </datafield>
  <datafield tag="240" ind1="1" ind2="0">
    <subfield code="a">Joulupukki</subfield>
  </datafield>
  <datafield tag="245" ind1="1" ind2="0">
    <subfield code="a">Hemma hos Jultomten /</subfield>
    <subfield code="c">text och bild: Mauri Kunnas ; svensk text och bearb.: Ebbe Schön.</subfield>
  </datafield>
  <datafield tag="260" ind1=" " ind2=" ">
    <subfield code="a">[Stockholm] :</subfield>
    <subfield code="b">Rabén &amp; Sjögren,</subfield>
    <subfield code="c">1982</subfield>
    <subfield code="e">([Keuruu] :</subfield>
    <subfield code="f">Otava)</subfield>
  </datafield>
  <datafield tag="300" ind1=" " ind2=" ">
    <subfield code="a">[47] s. :</subfield>
    <subfield code="b">kuv. ;</subfield>
    <subfield code="c">30 cm.</subfield>
  </datafield>
  <datafield tag="500" ind1=" " ind2=" ">
    <subfield code="a">Lisäpainokset: 1. uppl., 2. tr. 1988.</subfield>
  </datafield>
  <datafield tag="590" ind1=" " ind2=" ">
    <subfield code="a">V:1988; H:  110,00mk</subfield>
  </datafield>
  <datafield tag="700" ind1="1" ind2=" ">
    <subfield code="a">Schön, Ebbe.</subfield>
  </datafield>
  <datafield tag="904" ind1=" " ind2=" ">
    <subfield code="a">p</subfield>
  </datafield>
</record>