
<record format="MARC21" type="Bibliographic">
  <leader>00000nam a22     5a 4500</leader>
  <controlfield tag="001">9134508473</controlfield>
  <controlfield tag="003">KONVERSIO</controlfield>
  <controlfield tag="005">20180213134825.0</controlfield>
  <controlfield tag="008">951123s1987    sw |||||||||| |||| |swe|c</controlfield>
  <datafield tag="020" ind1=" " ind2=" ">
    <subfield code="a">91-34-50847-3</subfield>
    <subfield code="q">sid.</subfield>
  </datafield>
  <datafield tag="035" ind1=" " ind2=" ">
    <subfield code="a">{9D88B31F-A310-00A3-0749-0030050E2A61}</subfield>
  </datafield>
  <datafield tag="041" ind1="1" ind2=" ">
    <subfield code="a">swe</subfield>
    <subfield code="h">ger</subfield>
  </datafield>
  <datafield tag="084" ind1=" " ind2=" ">
    <subfield code="a">43.1</subfield>
    <subfield code="2">ykl</subfield>
  </datafield>
  <datafield tag="130" ind1="0" ind2=" ">
    <subfield code="a">Knaurs Kulturfuhrer in Farbe Schweden</subfield>
  </datafield>
  <datafield tag="245" ind1="1" ind2="0">
    <subfield code="a">Sverige :</subfield>
    <subfield code="b">Bonniers kulturguide /</subfield>
    <subfield code="c">huvudred. Margareta Söderberg ; författare: Susanne Bornhöft ... [et al.] ; övers.: Margareta Ruge.</subfield>
  </datafield>
  <datafield tag="260" ind1=" " ind2=" ">
    <subfield code="a">Stockholm :</subfield>
    <subfield code="b">Bonnier,</subfield>
    <subfield code="c">1987.</subfield>
  </datafield>
  <datafield tag="300" ind1=" " ind2=" ">
    <subfield code="a">323 s :</subfield>
    <subfield code="b">kuv., kartt.</subfield>
  </datafield>
  <datafield tag="590" ind1=" " ind2=" ">
    <subfield code="a">V:1987; H:  110,00mk</subfield>
  </datafield>
  <datafield tag="651" ind1=" " ind2="7">
    <subfield code="a">Ruotsi</subfield>
    <subfield code="x">matkaoppaat</subfield>
    <subfield code="2">ysa</subfield>
  </datafield>
</record>