
<record format="MARC21" type="Bibliographic">
  <leader>00000ccm a22     5a 4500</leader>
  <controlfield tag="001">0571100740</controlfield>
  <controlfield tag="003">KONVERSIO</controlfield>
  <controlfield tag="005">20180213134825.0</controlfield>
  <controlfield tag="007">              </controlfield>
  <controlfield tag="008">951123s1986    xxk||||j ||||||  |||eng|c</controlfield>
  <datafield tag="020" ind1=" " ind2=" ">
    <subfield code="a">0-571-10074-0</subfield>
  </datafield>
  <datafield tag="035" ind1=" " ind2=" ">
    <subfield code="a">{3AB5C020-A310-00A3-0749-0030050E2A61}</subfield>
  </datafield>
  <datafield tag="041" ind1="0" ind2=" ">
    <subfield code="a">eng</subfield>
  </datafield>
  <datafield tag="084" ind1=" " ind2=" ">
    <subfield code="a">78.61</subfield>
    <subfield code="2">ykl</subfield>
  </datafield>
  <datafield tag="084" ind1=" " ind2=" ">
    <subfield code="a">85</subfield>
    <subfield code="2">ykl</subfield>
  </datafield>
  <datafield tag="100" ind1="1" ind2=" ">
    <subfield code="a">Blake, Howard,</subfield>
    <subfield code="e">säv.</subfield>
  </datafield>
  <datafield tag="245" ind1="1" ind2="4">
    <subfield code="a">The snowman</subfield>
    <subfield code="h">[Nuottijulkaisu] :</subfield>
    <subfield code="b">Easy piano picture book /</subfield>
    <subfield code="c">music and words by Howard Blake ; original story and pictures by Raymond Briggs ; illustrations by Dianne Jac.</subfield>
  </datafield>
  <datafield tag="260" ind1=" " ind2=" ">
    <subfield code="a">S.l. :</subfield>
    <subfield code="b">Highbridge Music,</subfield>
    <subfield code="c">1986.</subfield>
  </datafield>
  <datafield tag="300" ind1=" " ind2=" ">
    <subfield code="a">32 s. :</subfield>
    <subfield code="b">nuott. , kuv. ;</subfield>
    <subfield code="c">21 x 29 cm.</subfield>
  </datafield>
  <datafield tag="505" ind1="0" ind2=" ">
    <subfield code="a">Lumiukko-satu ja musiikki (sis. laulun Walking in the air).</subfield>
  </datafield>
  <datafield tag="590" ind1=" " ind2=" ">
    <subfield code="a">V:1986; H:00048,00mk</subfield>
  </datafield>
  <datafield tag="650" ind1=" " ind2="7">
    <subfield code="a">joulu</subfield>
    <subfield code="x">musiikkisadut</subfield>
    <subfield code="2">ysa</subfield>
  </datafield>
  <datafield tag="700" ind1="1" ind2=" ">
    <subfield code="a">Jackson, Dianne,</subfield>
    <subfield code="e">kuv.</subfield>
  </datafield>
  <datafield tag="900" ind1="1" ind2="1">
    <subfield code="a">Briggs, Raymond</subfield>
  </datafield>
  <datafield tag="940" ind1="1" ind2=" ">
    <subfield code="a">Lumiukko</subfield>
  </datafield>
</record>