
<record format="MARC21" type="Bibliographic">
  <leader>00000cam a22      a 4500</leader>
  <controlfield tag="001">0711991081</controlfield>
  <controlfield tag="003">KONVERSIO</controlfield>
  <controlfield tag="005">20180213134825.0</controlfield>
  <controlfield tag="008">021213s2002    xxk||||||k    |||| beng| </controlfield>
  <datafield tag="020" ind1=" " ind2=" ">
    <subfield code="a">0-7119-9108-1</subfield>
    <subfield code="q">sid. :</subfield>
    <subfield code="c">35.60 EUR</subfield>
  </datafield>
  <datafield tag="035" ind1=" " ind2=" ">
    <subfield code="a">{4DD81621-A310-00A3-0749-0030050E2A61}</subfield>
  </datafield>
  <datafield tag="041" ind1="0" ind2=" ">
    <subfield code="a">eng</subfield>
  </datafield>
  <datafield tag="084" ind1=" " ind2=" ">
    <subfield code="a">78.993</subfield>
    <subfield code="2">ykl</subfield>
  </datafield>
  <datafield tag="084" ind1=" " ind2=" ">
    <subfield code="a">78.8911</subfield>
    <subfield code="2">ykl</subfield>
  </datafield>
  <datafield tag="100" ind1="1" ind2=" ">
    <subfield code="a">True, Everett.</subfield>
  </datafield>
  <datafield tag="245" ind1="1" ind2="0">
    <subfield code="a">Hey ho let&apos;s go :</subfield>
    <subfield code="b">the story of the Ramones /</subfield>
    <subfield code="c">Everett True.</subfield>
  </datafield>
  <datafield tag="260" ind1=" " ind2=" ">
    <subfield code="a">London :</subfield>
    <subfield code="b">Omnibus Press,</subfield>
    <subfield code="c">cop. 2002.</subfield>
  </datafield>
  <datafield tag="300" ind1=" " ind2=" ">
    <subfield code="a">vi, 344 s., [24] kuvas. :</subfield>
    <subfield code="b">kuv. ;</subfield>
    <subfield code="c">25 cm.</subfield>
  </datafield>
  <datafield tag="504" ind1=" " ind2=" ">
    <subfield code="a">S.337-344: Selected discography 1976-2001.</subfield>
  </datafield>
  <datafield tag="610" ind1="2" ind2="4">
    <subfield code="a">Ramones (yhtye)</subfield>
  </datafield>
  <datafield tag="650" ind1=" " ind2="7">
    <subfield code="a">rock</subfield>
    <subfield code="z">Yhdysvallat</subfield>
    <subfield code="y">1970-luku</subfield>
    <subfield code="y">1980-luku</subfield>
    <subfield code="y">1990-luku</subfield>
    <subfield code="2">ysa</subfield>
  </datafield>
  <datafield tag="650" ind1=" " ind2="7">
    <subfield code="a">punk rock</subfield>
    <subfield code="z">Yhdysvallat</subfield>
    <subfield code="y">1970-luku</subfield>
    <subfield code="y">1980-luku</subfield>
    <subfield code="y">1990-luku</subfield>
    <subfield code="2">ysa</subfield>
  </datafield>
</record>