
<record format="MARC21" type="Bibliographic">
  <leader>00000cam a22001457a 4500</leader>
  <controlfield tag="001">BF976221A31000A307490030050E2A61</controlfield>
  <controlfield tag="003">KONVERSIO</controlfield>
  <controlfield tag="005">20180213134825.0</controlfield>
  <controlfield tag="008">890427s1967    fi |||||||||| |||| |fin|c</controlfield>
  <datafield tag="020" ind1=" " ind2=" ">
    <subfield code="c">37:-, sid. 42:- :</subfield>
    <subfield code="c">37:-, 49:-</subfield>
  </datafield>
  <datafield tag="035" ind1=" " ind2=" ">
    <subfield code="a">{BF976221-A310-00A3-0749-0030050E2A61}</subfield>
  </datafield>
  <datafield tag="041" ind1="0" ind2=" ">
    <subfield code="a">fin</subfield>
  </datafield>
  <datafield tag="084" ind1=" " ind2=" ">
    <subfield code="a">74.92</subfield>
    <subfield code="2">ykl</subfield>
  </datafield>
  <datafield tag="100" ind1="1" ind2=" ">
    <subfield code="a">Reitala, Aimo.</subfield>
  </datafield>
  <datafield tag="245" ind1="1" ind2="0">
    <subfield code="a">Viktor Westerholm.</subfield>
  </datafield>
  <datafield tag="260" ind1=" " ind2=" ">
    <subfield code="a">Porvoo ;</subfield>
    <subfield code="a">Hki :</subfield>
    <subfield code="b">WS,</subfield>
    <subfield code="c">1967</subfield>
    <subfield code="e">(Porvoo)</subfield>
  </datafield>
  <datafield tag="300" ind1=" " ind2=" ">
    <subfield code="a">426 (1) s., 12 kuval. :</subfield>
    <subfield code="b">kuv., kartt. ;</subfield>
    <subfield code="c">4:o.</subfield>
  </datafield>
  <datafield tag="500" ind1=" " ind2=" ">
    <subfield code="a">147 tekstikuva, 12 väriliitettä, 2 karttaa.</subfield>
  </datafield>
  <datafield tag="590" ind1=" " ind2=" ">
    <subfield code="a">V:1967; H:   42,00mk</subfield>
  </datafield>
  <datafield tag="600" ind1="1" ind2="4">
    <subfield code="a">Westerholm, Victor.</subfield>
  </datafield>
</record>