
<record format="MARC21" type="Bibliographic">
  <leader>00000ncm a22     5a 4500</leader>
  <controlfield tag="001">0486259927</controlfield>
  <controlfield tag="003">KONVERSIO</controlfield>
  <controlfield tag="005">20180213134825.0</controlfield>
  <controlfield tag="007">qu</controlfield>
  <controlfield tag="008">951123s1989    xxu||a||||||||||||||lat|c</controlfield>
  <datafield tag="020" ind1=" " ind2=" ">
    <subfield code="a">0-48-625992-7</subfield>
  </datafield>
  <datafield tag="035" ind1=" " ind2=" ">
    <subfield code="a">{35BC3022-A310-00A3-0749-0030050E2A61}</subfield>
  </datafield>
  <datafield tag="041" ind1="0" ind2=" ">
    <subfield code="a">lat</subfield>
    <subfield code="b">eng</subfield>
  </datafield>
  <datafield tag="084" ind1=" " ind2=" ">
    <subfield code="a">78.363</subfield>
    <subfield code="2">ykl</subfield>
  </datafield>
  <datafield tag="100" ind1="1" ind2=" ">
    <subfield code="a">Bach, Johann Sebastian,</subfield>
    <subfield code="d">1685-1750,</subfield>
    <subfield code="e">säv.</subfield>
  </datafield>
  <datafield tag="240" ind1="1" ind2="0">
    <subfield code="a">Messut,</subfield>
    <subfield code="n">BWV232,</subfield>
    <subfield code="r">h-molli</subfield>
  </datafield>
  <datafield tag="245" ind1="1" ind2="0">
    <subfield code="a">Mass in B minor :</subfield>
    <subfield code="b">in full score : from the Bach-Gesellschaft edition.</subfield>
  </datafield>
  <datafield tag="260" ind1=" " ind2=" ">
    <subfield code="a">New York :</subfield>
    <subfield code="b">Dover Publications,</subfield>
    <subfield code="c">1989.</subfield>
  </datafield>
  <datafield tag="300" ind1=" " ind2=" ">
    <subfield code="a">1 partituuri.</subfield>
  </datafield>
  <datafield tag="300" ind1=" " ind2=" ">
    <subfield code="a">304 s. ;</subfield>
    <subfield code="c">30 cm.</subfield>
  </datafield>
  <datafield tag="500" ind1=" " ind2=" ">
    <subfield code="a">Republication of volume (year) 6 (1856), Messe (H moll), edited by Julius R.</subfield>
  </datafield>
  <datafield tag="505" ind1="0" ind2=" ">
    <subfield code="a">h-molli-messu.</subfield>
  </datafield>
  <datafield tag="590" ind1=" " ind2=" ">
    <subfield code="a">V:1989; H:  147,00mk</subfield>
  </datafield>
  <datafield tag="650" ind1=" " ind2="7">
    <subfield code="a">kirkkomusiikki</subfield>
    <subfield code="x">messut</subfield>
    <subfield code="y">1740-luku</subfield>
    <subfield code="2">musa</subfield>
  </datafield>
  <datafield tag="940" ind1="1" ind2=" ">
    <subfield code="a">h-molli-messu</subfield>
  </datafield>
</record>