
<record format="MARC21" type="Bibliographic">
  <leader>00000ccm a22     5a 4500</leader>
  <controlfield tag="001">5859140533</controlfield>
  <controlfield tag="003">KONVERSIO</controlfield>
  <controlfield tag="005">20180213134825.0</controlfield>
  <controlfield tag="007">              </controlfield>
  <controlfield tag="008">980427s1997    ru fmz|  ||||||  |||fin|c</controlfield>
  <datafield tag="020" ind1=" " ind2=" ">
    <subfield code="c">94 FIM</subfield>
  </datafield>
  <datafield tag="035" ind1=" " ind2=" ">
    <subfield code="a">{91830525-A310-00A3-0749-0030050E2A61}</subfield>
  </datafield>
  <datafield tag="041" ind1="0" ind2=" ">
    <subfield code="a">fin</subfield>
    <subfield code="b">rus</subfield>
  </datafield>
  <datafield tag="084" ind1=" " ind2=" ">
    <subfield code="a">78.4711</subfield>
    <subfield code="2">ykl</subfield>
  </datafield>
  <datafield tag="245" ind1="0" ind2="0">
    <subfield code="a">Oletteko käyneet Kontokissa? :</subfield>
    <subfield code="b">Vienan piirileikkejä, lauluja ja tansseja</subfield>
    <subfield code="h">[Nuottijulkaisu] /</subfield>
    <subfield code="c">koonnut Juho Vatanen.</subfield>
  </datafield>
  <datafield tag="260" ind1=" " ind2=" ">
    <subfield code="a">Petroskoi :</subfield>
    <subfield code="b">Arhippa Perttusen säätiö,</subfield>
    <subfield code="c">1997.</subfield>
  </datafield>
  <datafield tag="300" ind1=" " ind2=" ">
    <subfield code="c">20 x 14 cm</subfield>
    <subfield code="a">63 s. :</subfield>
    <subfield code="b">kuv.</subfield>
  </datafield>
  <datafield tag="490" ind1="1" ind2=" ">
    <subfield code="a">Arhippa Perttusen säätiön julkaisusarja ;</subfield>
    <subfield code="v">n:o 4</subfield>
  </datafield>
  <datafield tag="505" ind1="0" ind2=" ">
    <subfield code="a">Piirileikkejä, lauluja ja tansseja Vienasta. - melodia, sanat.</subfield>
  </datafield>
  <datafield tag="590" ind1=" " ind2=" ">
    <subfield code="a">V:1997; H:00094,00mk</subfield>
  </datafield>
  <datafield tag="650" ind1=" " ind2="7">
    <subfield code="a">perinnemusiikki</subfield>
    <subfield code="z">Viena</subfield>
    <subfield code="2">ysa</subfield>
  </datafield>
  <datafield tag="700" ind1="1" ind2=" ">
    <subfield code="a">Vatanen, Juho.</subfield>
  </datafield>
  <datafield tag="830" ind1=" " ind2="0">
    <subfield code="a">Arhippa Perttusen säätiön julkaisusarja ;</subfield>
    <subfield code="v">n:o 4.</subfield>
  </datafield>
</record>