
<record format="MARC21" type="Bibliographic">
  <leader>00000ncm a22     5a 4500</leader>
  <controlfield tag="001">0711933030</controlfield>
  <controlfield tag="003">KONVERSIO</controlfield>
  <controlfield tag="005">20180213134825.0</controlfield>
  <controlfield tag="007">qu</controlfield>
  <controlfield tag="008">951123s1994    xxk||z||||||||||||||eng|c</controlfield>
  <datafield tag="020" ind1=" " ind2=" ">
    <subfield code="a">0-7119-3303-0</subfield>
  </datafield>
  <datafield tag="028" ind1="0" ind2="1">
    <subfield code="b">Wise Publications</subfield>
    <subfield code="a">AM90240</subfield>
  </datafield>
  <datafield tag="035" ind1=" " ind2=" ">
    <subfield code="a">{49082325-A310-00A3-0749-0030050E2A61}</subfield>
  </datafield>
  <datafield tag="041" ind1="0" ind2=" ">
    <subfield code="a">eng</subfield>
  </datafield>
  <datafield tag="084" ind1=" " ind2=" ">
    <subfield code="a">78.65</subfield>
    <subfield code="2">ykl</subfield>
  </datafield>
  <datafield tag="245" ind1="0" ind2="4">
    <subfield code="a">The guitar music of Spain.</subfield>
    <subfield code="n">Volume one</subfield>
    <subfield code="h">[Nuottijulkaisu] /</subfield>
    <subfield code="c">compiled and edited by John Zaradin / original compilation by Gerry Mooney.</subfield>
  </datafield>
  <datafield tag="260" ind1=" " ind2=" ">
    <subfield code="a">London :</subfield>
    <subfield code="b">Wise Publications :</subfield>
    <subfield code="b">Music Sales [jakaja],</subfield>
    <subfield code="c">cop. 1994.</subfield>
  </datafield>
  <datafield tag="300" ind1=" " ind2=" ">
    <subfield code="a">96 s. ;</subfield>
    <subfield code="c">30 cm.</subfield>
  </datafield>
  <datafield tag="590" ind1=" " ind2=" ">
    <subfield code="a">V:1994; H:  145,00mk</subfield>
  </datafield>
  <datafield tag="650" ind1=" " ind2="7">
    <subfield code="a">kitara</subfield>
    <subfield code="x">soitinmusiikki</subfield>
    <subfield code="z">Espanja</subfield>
    <subfield code="2">musa</subfield>
  </datafield>
</record>