
<record format="MARC21" type="Bibliographic">
  <leader>00000nam a2200181 a 4500</leader>
  <controlfield tag="001">1740597664</controlfield>
  <controlfield tag="003">KONVERSIO</controlfield>
  <controlfield tag="005">20180213134825.0</controlfield>
  <controlfield tag="008">040907s2004    at |||||||||| |||| |eng| </controlfield>
  <datafield tag="020" ind1=" " ind2=" ">
    <subfield code="a">1-74059-766-4</subfield>
    <subfield code="q">nid. :</subfield>
    <subfield code="c">30,40 EUR</subfield>
  </datafield>
  <datafield tag="035" ind1=" " ind2=" ">
    <subfield code="a">{75477125-A310-00A3-0749-0030050E2A61}</subfield>
  </datafield>
  <datafield tag="041" ind1="0" ind2=" ">
    <subfield code="a">eng</subfield>
  </datafield>
  <datafield tag="084" ind1=" " ind2=" ">
    <subfield code="a">48.54</subfield>
    <subfield code="2">ykl</subfield>
  </datafield>
  <datafield tag="245" ind1="0" ind2="0">
    <subfield code="a">New Zealand /</subfield>
    <subfield code="c">Paul Smitz ... [et al.].</subfield>
  </datafield>
  <datafield tag="250" ind1=" " ind2=" ">
    <subfield code="a">12th ed.</subfield>
  </datafield>
  <datafield tag="260" ind1=" " ind2=" ">
    <subfield code="a">Victoria ;</subfield>
    <subfield code="a">Oakland (Calif.) ;</subfield>
    <subfield code="a">London :</subfield>
    <subfield code="b">Lonely Planet,</subfield>
    <subfield code="c">2004.</subfield>
  </datafield>
  <datafield tag="300" ind1=" " ind2=" ">
    <subfield code="a">724 s., [16] kuvas. :</subfield>
    <subfield code="b">kuv., kartt. ;</subfield>
    <subfield code="c">20 cm.</subfield>
  </datafield>
  <datafield tag="490" ind1="1" ind2=" ">
    <subfield code="a">Lonely Planet</subfield>
  </datafield>
  <datafield tag="651" ind1=" " ind2="7">
    <subfield code="a">Uusi-Seelanti</subfield>
    <subfield code="x">matkaoppaat</subfield>
    <subfield code="2">ysa</subfield>
  </datafield>
  <datafield tag="700" ind1="1" ind2=" ">
    <subfield code="a">Smitz, Paul.</subfield>
  </datafield>
  <datafield tag="830" ind1=" " ind2="0">
    <subfield code="a">Lonely Planet.</subfield>
  </datafield>
</record>