
<record format="MARC21" type="Bibliographic">
  <leader>00000ccm a22     4a 4500</leader>
  <controlfield tag="001">0486223612</controlfield>
  <controlfield tag="003">KONVERSIO</controlfield>
  <controlfield tag="005">20180213134825.0</controlfield>
  <controlfield tag="007">qu</controlfield>
  <controlfield tag="008">951123suuuu    xxu||a||||||||||||||eng|c</controlfield>
  <datafield tag="020" ind1=" " ind2=" ">
    <subfield code="a">0-486-22361-2</subfield>
  </datafield>
  <datafield tag="035" ind1=" " ind2=" ">
    <subfield code="a">{3524A725-A310-00A3-0749-0030050E2A61}</subfield>
  </datafield>
  <datafield tag="041" ind1="0" ind2=" ">
    <subfield code="a">eng</subfield>
    <subfield code="b">ger</subfield>
  </datafield>
  <datafield tag="084" ind1=" " ind2=" ">
    <subfield code="a">78.5132</subfield>
    <subfield code="2">ykl</subfield>
  </datafield>
  <datafield tag="100" ind1="1" ind2=" ">
    <subfield code="a">Beethoven, Ludwig van,</subfield>
    <subfield code="d">1770-1827,</subfield>
    <subfield code="e">säv.</subfield>
  </datafield>
  <datafield tag="245" ind1="1" ind2="0">
    <subfield code="a">Complete string quartets and Grosse Fuge</subfield>
    <subfield code="h">[Nuottijulkaisu] :</subfield>
    <subfield code="b">from the Breitkopf &amp; Härtel complete works edition.</subfield>
  </datafield>
  <datafield tag="260" ind1=" " ind2=" ">
    <subfield code="a">New York :</subfield>
    <subfield code="b">Dover Publications,</subfield>
    <subfield code="c">1970.</subfield>
  </datafield>
  <datafield tag="300" ind1=" " ind2=" ">
    <subfield code="a">partituuri ([5], 206 s., [1], 228 s.) :</subfield>
    <subfield code="b">nuott. ;</subfield>
    <subfield code="c">30 cm.</subfield>
  </datafield>
  <datafield tag="500" ind1=" " ind2=" ">
    <subfield code="a">This Dover edition, first published in 1970, is an unabridged republication.</subfield>
  </datafield>
  <datafield tag="505" ind1="0" ind2=" ">
    <subfield code="a">Kvartetot, jouset, op18. Nro 1, F-duuri ; Nro 2, G-duuri ; Nro 3, D-duuri ;.</subfield>
  </datafield>
  <datafield tag="650" ind1=" " ind2="7">
    <subfield code="a">kvartetot</subfield>
    <subfield code="x">jouset</subfield>
    <subfield code="y">1790-luku</subfield>
    <subfield code="y">1800-1820 -luku</subfield>
    <subfield code="2">musa</subfield>
  </datafield>
</record>