
<record format="MARC21" type="Bibliographic">
  <leader>00000ccm a22     4a 4500</leader>
  <controlfield tag="001">0786671378</controlfield>
  <controlfield tag="003">KONVERSIO</controlfield>
  <controlfield tag="005">20180213134825.0</controlfield>
  <controlfield tag="007">              </controlfield>
  <controlfield tag="008">040224s2003    xxurcz|  ||||||  |||eng|c</controlfield>
  <datafield tag="020" ind1=" " ind2=" ">
    <subfield code="a">0-7866-7137-8 :</subfield>
    <subfield code="c">45.90 EUR</subfield>
  </datafield>
  <datafield tag="028" ind1="0" ind2="1">
    <subfield code="b">Mel Bay Publications</subfield>
    <subfield code="a">MB20487</subfield>
  </datafield>
  <datafield tag="035" ind1=" " ind2=" ">
    <subfield code="a">{5BAE1926-A310-00A3-0749-0030050E2A61}</subfield>
  </datafield>
  <datafield tag="041" ind1="0" ind2=" ">
    <subfield code="a">eng</subfield>
  </datafield>
  <datafield tag="084" ind1=" " ind2=" ">
    <subfield code="a">78.8913</subfield>
    <subfield code="2">ykl</subfield>
  </datafield>
  <datafield tag="084" ind1=" " ind2=" ">
    <subfield code="a">78.891309</subfield>
    <subfield code="2">ykl</subfield>
  </datafield>
  <datafield tag="100" ind1="1" ind2=" ">
    <subfield code="a">Erbsen, Wayne.</subfield>
  </datafield>
  <datafield tag="245" ind1="1" ind2="0">
    <subfield code="a">Rural roots of bluegrass :</subfield>
    <subfield code="b">songs, stories &amp; history</subfield>
    <subfield code="h">[Nuottijulkaisu] /</subfield>
    <subfield code="c">by Wayne Erbsen.</subfield>
  </datafield>
  <datafield tag="260" ind1=" " ind2=" ">
    <subfield code="a">Pacific (MO) :</subfield>
    <subfield code="b">Mel Bay Publications,</subfield>
    <subfield code="c">2003.</subfield>
  </datafield>
  <datafield tag="300" ind1=" " ind2=" ">
    <subfield code="a">laulukirja :</subfield>
    <subfield code="b">nuott. ; kuv. ;</subfield>
    <subfield code="c">30 cm.</subfield>
  </datafield>
  <datafield tag="505" ind1="0" ind2=" ">
    <subfield code="a">All the good times are past and gone ; Amazing grace ; Angel band ; Are you.</subfield>
  </datafield>
  <datafield tag="650" ind1=" " ind2="7">
    <subfield code="a">bluegrass</subfield>
    <subfield code="x">muusikot</subfield>
    <subfield code="x">historia</subfield>
    <subfield code="z">Yhdysvallat</subfield>
    <subfield code="y">1920-luku</subfield>
    <subfield code="y">1930-luku</subfield>
    <subfield code="2">musa</subfield>
  </datafield>
  <datafield tag="650" ind1=" " ind2="7">
    <subfield code="a">bluegrass</subfield>
    <subfield code="x">kokoelmat</subfield>
    <subfield code="2">musa</subfield>
  </datafield>
</record>