
<record format="MARC21" type="Bibliographic">
  <leader>00000ccm a22     4a 4500</leader>
  <controlfield tag="001">1575603985</controlfield>
  <controlfield tag="003">KONVERSIO</controlfield>
  <controlfield tag="005">20180213134825.0</controlfield>
  <controlfield tag="007">              </controlfield>
  <controlfield tag="008">011105s2001    xxurc |  ||||||  |||eng|c</controlfield>
  <datafield tag="020" ind1=" " ind2=" ">
    <subfield code="a">1-57560-398-5 :</subfield>
    <subfield code="c">205 FIM</subfield>
  </datafield>
  <datafield tag="028" ind1="0" ind2="1">
    <subfield code="b">Cherry Lane</subfield>
    <subfield code="a">02500306</subfield>
  </datafield>
  <datafield tag="035" ind1=" " ind2=" ">
    <subfield code="a">{74962127-A310-00A3-0749-0030050E2A61}</subfield>
  </datafield>
  <datafield tag="041" ind1="0" ind2=" ">
    <subfield code="a">eng</subfield>
  </datafield>
  <datafield tag="084" ind1=" " ind2=" ">
    <subfield code="a">78.8911</subfield>
    <subfield code="2">ykl</subfield>
  </datafield>
  <datafield tag="100" ind1="1" ind2=" ">
    <subfield code="a">Satriani, Joe,</subfield>
    <subfield code="e">säv.</subfield>
  </datafield>
  <datafield tag="245" ind1="1" ind2="0">
    <subfield code="a">Engines of creation</subfield>
    <subfield code="h">[Nuottijulkaisu] /</subfield>
    <subfield code="c">Joe Satriani ; transcribed by Jeff Jacobson and Paul Pappas ; graphic artwork by Rex Ray.</subfield>
  </datafield>
  <datafield tag="260" ind1=" " ind2=" ">
    <subfield code="a">New York (NY) :</subfield>
    <subfield code="b">Cherry Lane,</subfield>
    <subfield code="c">2001.</subfield>
  </datafield>
  <datafield tag="300" ind1=" " ind2=" ">
    <subfield code="a">92 s. :</subfield>
    <subfield code="b">nuott. ; tab. ; kuv. ;</subfield>
    <subfield code="c">30 cm.</subfield>
  </datafield>
  <datafield tag="505" ind1="0" ind2=" ">
    <subfield code="a">Devil&apos;s slide ; Flavor crystal ; Borg sex ; Until we say goodbye ; Attack ;.</subfield>
  </datafield>
  <datafield tag="590" ind1=" " ind2=" ">
    <subfield code="a">V:2001; H:00205,00mk</subfield>
  </datafield>
  <datafield tag="650" ind1=" " ind2="7">
    <subfield code="a">kitara</subfield>
    <subfield code="x">sähkökitara</subfield>
    <subfield code="2">musa</subfield>
  </datafield>
</record>