
<record format="MARC21" type="Bibliographic">
  <leader>00000nam a22     4a 4500</leader>
  <controlfield tag="001">8779055885</controlfield>
  <controlfield tag="003">KONVERSIO</controlfield>
  <controlfield tag="005">20180213134825.0</controlfield>
  <controlfield tag="008">030416s2002    dk |||||||||| |||| |dan|c</controlfield>
  <datafield tag="020" ind1=" " ind2=" ">
    <subfield code="a">87-7905-588-5</subfield>
    <subfield code="q">sid :</subfield>
    <subfield code="c">31.50 EUR</subfield>
  </datafield>
  <datafield tag="035" ind1=" " ind2=" ">
    <subfield code="a">{95663F27-A310-00A3-0749-0030050E2A61}</subfield>
  </datafield>
  <datafield tag="041" ind1="0" ind2=" ">
    <subfield code="a">dan</subfield>
  </datafield>
  <datafield tag="084" ind1=" " ind2=" ">
    <subfield code="a">65.8</subfield>
    <subfield code="2">ykl</subfield>
  </datafield>
  <datafield tag="100" ind1="1" ind2=" ">
    <subfield code="a">Hammersholt Meyer, Anne.</subfield>
  </datafield>
  <datafield tag="245" ind1="1" ind2="0">
    <subfield code="a">Bamser du selv kan sy /</subfield>
    <subfield code="c">Anne Hammersholt Meyer ; foto: Hanne Stroyer.</subfield>
  </datafield>
  <datafield tag="260" ind1=" " ind2=" ">
    <subfield code="a">Aalborg :</subfield>
    <subfield code="b">Klematis,</subfield>
    <subfield code="c">2002.</subfield>
  </datafield>
  <datafield tag="300" ind1=" " ind2=" ">
    <subfield code="a">71 s. :</subfield>
    <subfield code="b">kuv. ;</subfield>
    <subfield code="c">23 x 24 cm.</subfield>
  </datafield>
  <datafield tag="650" ind1=" " ind2="7">
    <subfield code="a">ompelu</subfield>
    <subfield code="x">pehmolelut</subfield>
    <subfield code="2">ysa</subfield>
  </datafield>
  <datafield tag="650" ind1=" " ind2="7">
    <subfield code="a">ompelu</subfield>
    <subfield code="x">nallet</subfield>
    <subfield code="2">ysa</subfield>
  </datafield>
</record>