
<record format="MARC21" type="Bibliographic">
  <leader>00000cam a22     5a 4500</leader>
  <controlfield tag="001">9510098442</controlfield>
  <controlfield tag="003">KONVERSIO</controlfield>
  <controlfield tag="005">20180213134825.0</controlfield>
  <controlfield tag="008">800715s1980    fi |||||||||| ||||f|fin|c</controlfield>
  <datafield tag="020" ind1=" " ind2=" ">
    <subfield code="a">951-0-09844-2</subfield>
    <subfield code="q">nid. :</subfield>
    <subfield code="c">44 mk</subfield>
  </datafield>
  <datafield tag="035" ind1=" " ind2=" ">
    <subfield code="a">{F89F4327-A310-00A3-0749-0030050E2A61}</subfield>
  </datafield>
  <datafield tag="041" ind1="0" ind2=" ">
    <subfield code="a">fin</subfield>
  </datafield>
  <datafield tag="084" ind1=" " ind2=" ">
    <subfield code="a">84.2</subfield>
    <subfield code="2">ykl</subfield>
  </datafield>
  <datafield tag="100" ind1="1" ind2=" ">
    <subfield code="a">Sakaristo, Marjatta.</subfield>
  </datafield>
  <datafield tag="245" ind1="1" ind2="0">
    <subfield code="a">Ruustinnan päiväkirjasta /</subfield>
    <subfield code="c">Marjatta Sakaristo.</subfield>
  </datafield>
  <datafield tag="260" ind1=" " ind2=" ">
    <subfield code="a">Porvoo ;</subfield>
    <subfield code="a">Hki ;</subfield>
    <subfield code="a">Juva :</subfield>
    <subfield code="b">WSOY,</subfield>
    <subfield code="c">1980</subfield>
    <subfield code="e">(Juva)</subfield>
  </datafield>
  <datafield tag="300" ind1=" " ind2=" ">
    <subfield code="a">171, [1] s. ;</subfield>
    <subfield code="c">18 cm.</subfield>
  </datafield>
  <datafield tag="500" ind1=" " ind2=" ">
    <subfield code="a">Lisäpainokset: 2. p. 1980.</subfield>
  </datafield>
  <datafield tag="590" ind1=" " ind2=" ">
    <subfield code="a">V:1980; H:   44,00mk</subfield>
  </datafield>
</record>