
<record format="MARC21" type="Bibliographic">
  <leader>00000nam a22001697a 4500</leader>
  <controlfield tag="001">f505277</controlfield>
  <controlfield tag="003">KONVERSIO</controlfield>
  <controlfield tag="005">20180213134825.0</controlfield>
  <controlfield tag="008">950918s1942    fi |||||||||| ||||f|fin|c</controlfield>
  <datafield tag="015" ind1=" " ind2=" ">
    <subfield code="a">f505277</subfield>
    <subfield code="2">skl</subfield>
  </datafield>
  <datafield tag="035" ind1=" " ind2=" ">
    <subfield code="a">{C07E5627-A310-00A3-0749-0030050E2A61}</subfield>
  </datafield>
  <datafield tag="041" ind1="0" ind2=" ">
    <subfield code="a">fin</subfield>
  </datafield>
  <datafield tag="084" ind1=" " ind2=" ">
    <subfield code="a">84.2</subfield>
    <subfield code="2">ykl</subfield>
  </datafield>
  <datafield tag="100" ind1="1" ind2=" ">
    <subfield code="a">Siippainen, Olavi.</subfield>
  </datafield>
  <datafield tag="245" ind1="1" ind2="0">
    <subfield code="a">Loppuun saakka :</subfield>
    <subfield code="b">kertomuksia kahdesta sodasta /</subfield>
    <subfield code="c">Olavi Siippainen.</subfield>
  </datafield>
  <datafield tag="260" ind1=" " ind2=" ">
    <subfield code="a">Porvoo :</subfield>
    <subfield code="b">WSOY,</subfield>
    <subfield code="c">1942.</subfield>
  </datafield>
  <datafield tag="300" ind1=" " ind2=" ">
    <subfield code="a">[2], 260, [1] s.</subfield>
  </datafield>
  <datafield tag="500" ind1=" " ind2=" ">
    <subfield code="a">Lisäpainokset: 2. p. 1943.</subfield>
  </datafield>
  <datafield tag="590" ind1=" " ind2=" ">
    <subfield code="a">V:1942; H:   20,00mk</subfield>
  </datafield>
</record>