
<record format="MARC21" type="Bibliographic">
  <leader>00000cam a22     5a 4500</leader>
  <controlfield tag="001">9174900005</controlfield>
  <controlfield tag="003">KONVERSIO</controlfield>
  <controlfield tag="005">20180213134826.0</controlfield>
  <controlfield tag="008">861007s1977    sw ||||j |||| ||||f|swe|c</controlfield>
  <datafield tag="020" ind1=" " ind2=" ">
    <subfield code="a">91-7490-000-5</subfield>
    <subfield code="q">nid. :</subfield>
    <subfield code="c">9,95 SKR</subfield>
  </datafield>
  <datafield tag="035" ind1=" " ind2=" ">
    <subfield code="a">{ABC5D228-A310-00A3-0749-0030050E2A61}</subfield>
  </datafield>
  <datafield tag="041" ind1="1" ind2=" ">
    <subfield code="a">swe</subfield>
    <subfield code="h">fin</subfield>
  </datafield>
  <datafield tag="084" ind1=" " ind2=" ">
    <subfield code="a">85.231</subfield>
    <subfield code="2">ykl</subfield>
  </datafield>
  <datafield tag="100" ind1="1" ind2=" ">
    <subfield code="a">Koskimies, Pirkko,</subfield>
    <subfield code="d">1925-</subfield>
  </datafield>
  <datafield tag="240" ind1="1" ind2="0">
    <subfield code="a">Pupu Tupuna ja ystävät</subfield>
  </datafield>
  <datafield tag="245" ind1="1" ind2="0">
    <subfield code="a">Kalle Kanin och hans vänner /</subfield>
    <subfield code="c">bilder och text: Pirkko Koskimies ; sakkunnig rådgivare: Maija Lindgren.</subfield>
  </datafield>
  <datafield tag="246" ind1="3" ind2=" ">
    <subfield code="a">Kalle Kanin -serien</subfield>
  </datafield>
  <datafield tag="260" ind1=" " ind2=" ">
    <subfield code="a">Solna :</subfield>
    <subfield code="b">Lars Holmen,</subfield>
    <subfield code="c">1977</subfield>
    <subfield code="e">([Tampere] :</subfield>
    <subfield code="f">Uusi kivipaino)</subfield>
  </datafield>
  <datafield tag="300" ind1=" " ind2=" ">
    <subfield code="a">[33] s. :</subfield>
    <subfield code="b">kuv. ;</subfield>
    <subfield code="c">30 cm.</subfield>
  </datafield>
  <datafield tag="490" ind1="0" ind2=" ">
    <subfield code="a">Kalle Kanin -serien ;</subfield>
    <subfield code="v">n:o 5</subfield>
  </datafield>
  <datafield tag="590" ind1=" " ind2=" ">
    <subfield code="a">V:1977; H:    8,00mk</subfield>
  </datafield>
  <datafield tag="700" ind1="1" ind2=" ">
    <subfield code="a">Lindgrén, Maija,</subfield>
    <subfield code="d">1933-</subfield>
  </datafield>
  <datafield tag="904" ind1=" " ind2=" ">
    <subfield code="a">p</subfield>
  </datafield>
</record>