
<record format="MARC21" type="Bibliographic">
  <leader>00000ccm a22     7a 4500</leader>
  <controlfield tag="001">0861754204</controlfield>
  <controlfield tag="003">KONVERSIO</controlfield>
  <controlfield tag="005">20180213134826.0</controlfield>
  <controlfield tag="007">              </controlfield>
  <controlfield tag="008">951123s1987    xxkrcz|  ||||||  |||eng|c</controlfield>
  <datafield tag="020" ind1=" " ind2=" ">
    <subfield code="a">0-86175-420-4 :</subfield>
    <subfield code="c">60 FIM</subfield>
    <subfield code="q">nid.</subfield>
  </datafield>
  <datafield tag="035" ind1=" " ind2=" ">
    <subfield code="a">{688F682A-A310-00A3-0749-0030050E2A61}</subfield>
  </datafield>
  <datafield tag="041" ind1="0" ind2=" ">
    <subfield code="a">eng</subfield>
  </datafield>
  <datafield tag="084" ind1=" " ind2=" ">
    <subfield code="a">78.8911</subfield>
    <subfield code="2">ykl</subfield>
  </datafield>
  <datafield tag="110" ind1="2" ind2=" ">
    <subfield code="a">Status Quo.</subfield>
  </datafield>
  <datafield tag="245" ind1="1" ind2="0">
    <subfield code="a">Status Quo</subfield>
    <subfield code="h">[Nuottijulkaisu] /</subfield>
    <subfield code="c">Status Quo ; words &amp; music by Francis Rossi ...et al.</subfield>
  </datafield>
  <datafield tag="260" ind1=" " ind2=" ">
    <subfield code="a">Woodford Green :</subfield>
    <subfield code="b">International Music Publications,</subfield>
    <subfield code="c">1987.</subfield>
  </datafield>
  <datafield tag="300" ind1=" " ind2=" ">
    <subfield code="a">28 s. :</subfield>
    <subfield code="b">nuott. ;</subfield>
    <subfield code="c">31 cm.</subfield>
  </datafield>
  <datafield tag="500" ind1=" " ind2=" ">
    <subfield code="a">sanat, melodia, sointumerkit, kitaran otetaulukot.</subfield>
  </datafield>
  <datafield tag="500" ind1=" " ind2=" ">
    <subfield code="a">Kansialanimeke: 12 songs for melody line with lyrics and guitar boxes.</subfield>
  </datafield>
  <datafield tag="505" ind1="0" ind2=" ">
    <subfield code="a">Caroline ; Don&apos;t drive my car ; Down down ; Dreamin&apos; ; In the army now ; Li.</subfield>
  </datafield>
  <datafield tag="590" ind1=" " ind2=" ">
    <subfield code="a">V:1987; H:00060,00mk</subfield>
  </datafield>
  <datafield tag="900" ind1="1" ind2=" ">
    <subfield code="a">Rossi, Francis</subfield>
  </datafield>
</record>