
<record format="MARC21" type="Bibliographic">
  <leader>00000nam a2200193 a 4500</leader>
  <controlfield tag="001">8785176257</controlfield>
  <controlfield tag="003">KONVERSIO</controlfield>
  <controlfield tag="005">20180213134826.0</controlfield>
  <controlfield tag="008">900724 uuuu    fi |||||||||| |||| |fin| </controlfield>
  <datafield tag="020" ind1=" " ind2=" ">
    <subfield code="a">87-85176-25-7</subfield>
    <subfield code="q">sid. :</subfield>
    <subfield code="c">280 mk</subfield>
  </datafield>
  <datafield tag="035" ind1=" " ind2=" ">
    <subfield code="a">{958D6F2A-A310-00A3-0749-0030050E2A61}</subfield>
  </datafield>
  <datafield tag="041" ind1="0" ind2=" ">
    <subfield code="a">fin</subfield>
  </datafield>
  <datafield tag="084" ind1=" " ind2=" ">
    <subfield code="a">72.2609</subfield>
    <subfield code="2">ykl</subfield>
  </datafield>
  <datafield tag="100" ind1="1" ind2=" ">
    <subfield code="a">Hällström, Olof af,</subfield>
    <subfield code="d">1916-1990.</subfield>
  </datafield>
  <datafield tag="245" ind1="1" ind2="0">
    <subfield code="a">Sveaborg - Viapori - Suomenlinna :</subfield>
    <subfield code="b">the island fortress of Helsinki : linnoituksen rakennushistoria = fästningens byggnads historia = an architectural history /</subfield>
    <subfield code="c">Olof af Hällström.</subfield>
  </datafield>
  <datafield tag="246" ind1="3" ind2=" ">
    <subfield code="a">Viapori</subfield>
  </datafield>
  <datafield tag="246" ind1="3" ind2=" ">
    <subfield code="a">Suomenlinna</subfield>
  </datafield>
  <datafield tag="260" ind1=" " ind2=" ">
    <subfield code="a">Rungsted Kyst :</subfield>
    <subfield code="b">Anders Nyborg ;</subfield>
    <subfield code="a">Hki :</subfield>
    <subfield code="b">Akateeminen kirjakauppa [jakaja],</subfield>
    <subfield code="c">cop. 1986.</subfield>
  </datafield>
  <datafield tag="300" ind1=" " ind2=" ">
    <subfield code="a">202 s. :</subfield>
    <subfield code="b">kuv., kartt. ;</subfield>
    <subfield code="c">24 x 27 cm.</subfield>
  </datafield>
  <datafield tag="500" ind1=" " ind2=" ">
    <subfield code="a">Myös ruots. ja engl. rinnakkaisteksti.</subfield>
  </datafield>
</record>