
<record format="MARC21" type="Bibliographic">
  <leader>00000nam a22     7a 4500</leader>
  <controlfield tag="001">1870775341</controlfield>
  <controlfield tag="003">KONVERSIO</controlfield>
  <controlfield tag="005">20180213134826.0</controlfield>
  <controlfield tag="008">960222s1995    xxk|||||||||| |||| |eng|c</controlfield>
  <datafield tag="020" ind1=" " ind2=" ">
    <subfield code="a">1870775341</subfield>
    <subfield code="q">nid.</subfield>
  </datafield>
  <datafield tag="035" ind1=" " ind2=" ">
    <subfield code="a">{8236292B-A310-00A3-0749-0030050E2A61}</subfield>
  </datafield>
  <datafield tag="041" ind1="0" ind2=" ">
    <subfield code="a">eng</subfield>
  </datafield>
  <datafield tag="084" ind1=" " ind2=" ">
    <subfield code="a">78.874</subfield>
    <subfield code="2">ykl</subfield>
  </datafield>
  <datafield tag="100" ind1="1" ind2=" ">
    <subfield code="a">Buick, Peter.</subfield>
  </datafield>
  <datafield tag="245" ind1="1" ind2="0">
    <subfield code="a">Music technology reference book /</subfield>
    <subfield code="c">Peter Buick and Vic Leonard.</subfield>
  </datafield>
  <datafield tag="260" ind1=" " ind2=" ">
    <subfield code="a">Tonbridge :</subfield>
    <subfield code="b">PC publishing,</subfield>
    <subfield code="c">1995.</subfield>
  </datafield>
  <datafield tag="300" ind1=" " ind2=" ">
    <subfield code="a">154 s. :</subfield>
    <subfield code="b">kuv. ;</subfield>
    <subfield code="c">25 cm.</subfield>
  </datafield>
  <datafield tag="590" ind1=" " ind2=" ">
    <subfield code="a">V:1995; H:00115,00mk</subfield>
  </datafield>
  <datafield tag="650" ind1=" " ind2="7">
    <subfield code="a">MIDI</subfield>
    <subfield code="2">musa</subfield>
  </datafield>
  <datafield tag="650" ind1=" " ind2="7">
    <subfield code="a">syntetisaattori</subfield>
    <subfield code="2">musa</subfield>
  </datafield>
  <datafield tag="700" ind1="1" ind2=" ">
    <subfield code="a">Leonard, Vic.</subfield>
  </datafield>
</record>