
<record format="MARC21" type="Bibliographic">
  <leader>00000nim a22      a 4500</leader>
  <controlfield tag="001">0563530685</controlfield>
  <controlfield tag="003">KONVERSIO</controlfield>
  <controlfield tag="005">20180213134826.0</controlfield>
  <controlfield tag="007">sd||||g|||m||d</controlfield>
  <controlfield tag="008">030221r20032002xxk||||||||||||d |||eng| </controlfield>
  <datafield tag="020" ind1=" " ind2=" ">
    <subfield code="a">0-563-53068-5</subfield>
    <subfield code="q">2 CD-äänilevyä :</subfield>
    <subfield code="c">22.50 EUR</subfield>
    <subfield code="z">0563-530685 (virh.)</subfield>
  </datafield>
  <datafield tag="024" ind1="3" ind2=" ">
    <subfield code="a">9780563530688</subfield>
  </datafield>
  <datafield tag="035" ind1=" " ind2=" ">
    <subfield code="a">{3A53DB2B-A310-00A3-0749-0030050E2A61}</subfield>
  </datafield>
  <datafield tag="041" ind1="0" ind2=" ">
    <subfield code="d">eng</subfield>
  </datafield>
  <datafield tag="084" ind1=" " ind2=" ">
    <subfield code="a">83.5</subfield>
    <subfield code="2">ykl</subfield>
  </datafield>
  <datafield tag="245" ind1="0" ind2="0">
    <subfield code="a">Three radio mysteries.</subfield>
    <subfield code="n">Volume 1</subfield>
    <subfield code="h">[Äänite] /</subfield>
    <subfield code="c">written by Agatha Christie ; dramatised by Mike Walker.</subfield>
  </datafield>
  <datafield tag="260" ind1=" " ind2=" ">
    <subfield code="a">[London] :</subfield>
    <subfield code="b">BBC Worldwide,</subfield>
    <subfield code="c">P2003.</subfield>
  </datafield>
  <datafield tag="300" ind1=" " ind2=" ">
    <subfield code="a">2 CD-äänilevyä (1 h 30 min)</subfield>
  </datafield>
  <datafield tag="490" ind1="1" ind2=" ">
    <subfield code="a">BBC radio collection</subfield>
  </datafield>
  <datafield tag="505" ind1="0" ind2=" ">
    <subfield code="a">Sisältö: Philomel Cottage / directed by Jeremy Mortimer. Swan song / direct.</subfield>
  </datafield>
  <datafield tag="511" ind1="0" ind2=" ">
    <subfield code="a">Rooleissa: Lizzie McInnery, Tom Hollander, Maria Friedman, Emily Woof, Emil.</subfield>
  </datafield>
  <datafield tag="534" ind1=" " ind2=" ">
    <subfield code="p">Alkuperäinen:</subfield>
    <subfield code="c">BBC Radio 4, 2002.</subfield>
  </datafield>
  <datafield tag="583" ind1=" " ind2=" ">
    <subfield code="a">2 cd.</subfield>
  </datafield>
  <datafield tag="650" ind1=" " ind2="7">
    <subfield code="a">kuunnelmat</subfield>
    <subfield code="z">Iso-Britannia</subfield>
    <subfield code="y">2000-2009</subfield>
    <subfield code="2">kaunokki</subfield>
  </datafield>
  <datafield tag="700" ind1="1" ind2=" ">
    <subfield code="a">Christie, Agatha.</subfield>
  </datafield>
  <datafield tag="700" ind1="1" ind2=" ">
    <subfield code="a">Walker, Mike.</subfield>
  </datafield>
  <datafield tag="700" ind1="1" ind2=" ">
    <subfield code="a">Mortimer, Jeremy,</subfield>
    <subfield code="e">ohj.</subfield>
  </datafield>
  <datafield tag="700" ind1="1" ind2=" ">
    <subfield code="a">Chaillet, Ned,</subfield>
    <subfield code="e">ohj.</subfield>
  </datafield>
  <datafield tag="830" ind1=" " ind2="0">
    <subfield code="a">BBC radio collection.</subfield>
  </datafield>
</record>