
<record format="MARC21" type="Bibliographic">
  <leader>00000nam a22     5a 4500</leader>
  <controlfield tag="001">1562610422</controlfield>
  <controlfield tag="003">KONVERSIO</controlfield>
  <controlfield tag="005">20180213134826.0</controlfield>
  <controlfield tag="008">951123s1992    xxu|||||||||| |||| |eng|c</controlfield>
  <datafield tag="020" ind1=" " ind2=" ">
    <subfield code="a">1-562-61042-2</subfield>
  </datafield>
  <datafield tag="035" ind1=" " ind2=" ">
    <subfield code="a">{7399922C-A310-00A3-0749-0030050E2A61}</subfield>
  </datafield>
  <datafield tag="041" ind1="0" ind2=" ">
    <subfield code="a">eng</subfield>
  </datafield>
  <datafield tag="084" ind1=" " ind2=" ">
    <subfield code="a">58</subfield>
    <subfield code="2">ykl</subfield>
  </datafield>
  <datafield tag="100" ind1="1" ind2=" ">
    <subfield code="a">Lovett, Sarah.</subfield>
  </datafield>
  <datafield tag="245" ind1="1" ind2="0">
    <subfield code="a">Extremely weird endangered species /</subfield>
    <subfield code="c">text by Sarah Lovett ; [illustrations: Mary Sundström, Sally Blakemore].</subfield>
  </datafield>
  <datafield tag="260" ind1=" " ind2=" ">
    <subfield code="a">Santa Fe :</subfield>
    <subfield code="b">John Muir,</subfield>
    <subfield code="c">1992.</subfield>
  </datafield>
  <datafield tag="300" ind1=" " ind2=" ">
    <subfield code="a">47 s. :</subfield>
    <subfield code="b">kuv. ;</subfield>
    <subfield code="c">28 cm.</subfield>
  </datafield>
  <datafield tag="590" ind1=" " ind2=" ">
    <subfield code="a">V:1992; H:  139,00mk</subfield>
  </datafield>
  <datafield tag="650" ind1=" " ind2="7">
    <subfield code="a">uhanalaiset eläimet</subfield>
    <subfield code="2">ysa</subfield>
  </datafield>
</record>