
<record format="MARC21" type="Bibliographic">
  <leader>00000cam a22     4a 4500</leader>
  <controlfield tag="001">8779056253</controlfield>
  <controlfield tag="003">KONVERSIO</controlfield>
  <controlfield tag="005">20180213134826.0</controlfield>
  <controlfield tag="008">030416s2002       ||||  o       |  dan|c</controlfield>
  <datafield tag="020" ind1=" " ind2=" ">
    <subfield code="a">87-7905-625-3</subfield>
    <subfield code="q">sid :</subfield>
    <subfield code="c">31.50 EUR</subfield>
  </datafield>
  <datafield tag="035" ind1=" " ind2=" ">
    <subfield code="a">{9568552D-A310-00A3-0749-0030050E2A61}</subfield>
  </datafield>
  <datafield tag="041" ind1="0" ind2=" ">
    <subfield code="a">dan</subfield>
  </datafield>
  <datafield tag="084" ind1=" " ind2=" ">
    <subfield code="a">65.42</subfield>
    <subfield code="2">ykl</subfield>
  </datafield>
  <datafield tag="100" ind1="1" ind2=" ">
    <subfield code="a">Jollmann, Dorthe.</subfield>
  </datafield>
  <datafield tag="245" ind1="1" ind2="0">
    <subfield code="a">Jeg en gård mig quilte vil... /</subfield>
    <subfield code="c">Dorthe Jollmann ; foto: Hanne Stroyer.</subfield>
  </datafield>
  <datafield tag="260" ind1=" " ind2=" ">
    <subfield code="a">Aalborg :</subfield>
    <subfield code="b">Klematis,</subfield>
    <subfield code="c">2002.</subfield>
  </datafield>
  <datafield tag="300" ind1=" " ind2=" ">
    <subfield code="a">96 s. :</subfield>
    <subfield code="b">kuv. ;</subfield>
    <subfield code="c">23 x 24 cm.</subfield>
  </datafield>
  <datafield tag="500" ind1=" " ind2=" ">
    <subfield code="a"></subfield>
  </datafield>
  <datafield tag="650" ind1=" " ind2="7">
    <subfield code="a">tilkkutyöt</subfield>
    <subfield code="2">ysa</subfield>
  </datafield>
</record>