
<record format="MARC21" type="Bibliographic">
  <leader>00000nam a22      a 4500</leader>
  <controlfield tag="001">9189442199</controlfield>
  <controlfield tag="003">KONVERSIO</controlfield>
  <controlfield tag="005">20180213134826.0</controlfield>
  <controlfield tag="008">010615s2001       ||||  o       |  swe| </controlfield>
  <datafield tag="020" ind1=" " ind2=" ">
    <subfield code="a">91-89442-19-9</subfield>
    <subfield code="q">inb. :</subfield>
    <subfield code="c">214 FIM</subfield>
  </datafield>
  <datafield tag="035" ind1=" " ind2=" ">
    <subfield code="a">{B288C72D-A310-00A3-0749-0030050E2A61}</subfield>
  </datafield>
  <datafield tag="041" ind1="1" ind2=" ">
    <subfield code="a">swe</subfield>
    <subfield code="h">eng</subfield>
  </datafield>
  <datafield tag="084" ind1=" " ind2=" ">
    <subfield code="a">90.21</subfield>
    <subfield code="2">ykl</subfield>
  </datafield>
  <datafield tag="084" ind1=" " ind2=" ">
    <subfield code="a">32.3</subfield>
    <subfield code="2">ykl</subfield>
  </datafield>
  <datafield tag="100" ind1="1" ind2=" ">
    <subfield code="a">Mulvey, Kate.</subfield>
  </datafield>
  <datafield tag="240" ind1="1" ind2="0">
    <subfield code="a">Decades of beauty</subfield>
  </datafield>
  <datafield tag="245" ind1="1" ind2="0">
    <subfield code="a">Hundra år av mode :</subfield>
    <subfield code="b">[skiftande stilideal 1890-2000] /</subfield>
    <subfield code="c">[Kate Mulvey &amp; Melissa Richards] ; [översättning: Ingrid Ingemark ; faktagranskning: Lotta Lewenhaupt].</subfield>
  </datafield>
  <datafield tag="260" ind1=" " ind2=" ">
    <subfield code="a">[Lund] :</subfield>
    <subfield code="b">Historiska media,</subfield>
    <subfield code="c">cop. 2001.</subfield>
  </datafield>
  <datafield tag="300" ind1=" " ind2=" ">
    <subfield code="a">205, [3] s. :</subfield>
    <subfield code="b">ill. ;</subfield>
    <subfield code="c">29 cm.</subfield>
  </datafield>
  <datafield tag="500" ind1=" " ind2=" ">
    <subfield code="a"></subfield>
  </datafield>
  <datafield tag="590" ind1=" " ind2=" ">
    <subfield code="a">V:2001; H:00214,00mk</subfield>
  </datafield>
  <datafield tag="650" ind1=" " ind2="7">
    <subfield code="a">mode</subfield>
    <subfield code="x">historia</subfield>
    <subfield code="y">1890-2000</subfield>
    <subfield code="2">allars</subfield>
  </datafield>
  <datafield tag="650" ind1=" " ind2="7">
    <subfield code="a">ideal</subfield>
    <subfield code="x">kvinnor</subfield>
    <subfield code="2">allars</subfield>
  </datafield>
  <datafield tag="650" ind1=" " ind2="7">
    <subfield code="a">kvinnohistoria</subfield>
    <subfield code="2">allars</subfield>
  </datafield>
  <datafield tag="650" ind1=" " ind2="7">
    <subfield code="a">stilar</subfield>
    <subfield code="x">historia</subfield>
    <subfield code="2">allars</subfield>
  </datafield>
  <datafield tag="650" ind1=" " ind2="7">
    <subfield code="a">idolar</subfield>
    <subfield code="x">historia</subfield>
    <subfield code="2">allars</subfield>
  </datafield>
  <datafield tag="650" ind1=" " ind2="7">
    <subfield code="a">förebilder</subfield>
    <subfield code="x">historia</subfield>
    <subfield code="2">allars</subfield>
  </datafield>
  <datafield tag="650" ind1=" " ind2="7">
    <subfield code="a">offentliga personer</subfield>
    <subfield code="x">kvinnor</subfield>
    <subfield code="2">allars</subfield>
  </datafield>
  <datafield tag="650" ind1=" " ind2="7">
    <subfield code="a">filmskådepelare</subfield>
    <subfield code="2">allars</subfield>
  </datafield>
  <datafield tag="650" ind1=" " ind2="7">
    <subfield code="a">klädsel</subfield>
    <subfield code="x">kulturhistoria</subfield>
    <subfield code="2">allars</subfield>
  </datafield>
  <datafield tag="650" ind1=" " ind2="7">
    <subfield code="a">frisyrer</subfield>
    <subfield code="x">kulturhistoria</subfield>
    <subfield code="2">allars</subfield>
  </datafield>
  <datafield tag="650" ind1=" " ind2="7">
    <subfield code="a">make-up</subfield>
    <subfield code="x">kulturhistoria</subfield>
    <subfield code="2">allars</subfield>
  </datafield>
  <datafield tag="650" ind1=" " ind2="7">
    <subfield code="a">kulturhistoria</subfield>
    <subfield code="2">allars</subfield>
  </datafield>
  <datafield tag="650" ind1=" " ind2="7">
    <subfield code="a">kultur</subfield>
    <subfield code="x">fenomen</subfield>
    <subfield code="2">allars</subfield>
  </datafield>
  <datafield tag="650" ind1=" " ind2="7">
    <subfield code="a">konsthistoria</subfield>
    <subfield code="2">allars</subfield>
  </datafield>
  <datafield tag="650" ind1=" " ind2="7">
    <subfield code="a">historia</subfield>
    <subfield code="2">allars</subfield>
  </datafield>
  <datafield tag="700" ind1="1" ind2=" ">
    <subfield code="a">Richards, Melissa.</subfield>
  </datafield>
</record>