
<record format="MARC21" type="Bibliographic">
  <leader>00000nam a22      a 4500</leader>
  <controlfield tag="001">1854792938</controlfield>
  <controlfield tag="003">KONVERSIO</controlfield>
  <controlfield tag="005">20180213134826.0</controlfield>
  <controlfield tag="008">981123s1998       ||||  o       |  eng| </controlfield>
  <datafield tag="020" ind1=" " ind2=" ">
    <subfield code="a">1-85479-293-8</subfield>
    <subfield code="q">nid.</subfield>
  </datafield>
  <datafield tag="035" ind1=" " ind2=" ">
    <subfield code="a">{7D7EF22D-A310-00A3-0749-0030050E2A61}</subfield>
  </datafield>
  <datafield tag="041" ind1="0" ind2=" ">
    <subfield code="a">eng</subfield>
  </datafield>
  <datafield tag="084" ind1=" " ind2=" ">
    <subfield code="a">76.5</subfield>
    <subfield code="2">ykl</subfield>
  </datafield>
  <datafield tag="100" ind1="1" ind2=" ">
    <subfield code="a">Verneuil, M. P.</subfield>
  </datafield>
  <datafield tag="245" ind1="1" ind2="0">
    <subfield code="a">Decorative flowers /</subfield>
    <subfield code="c">after the plates by M. P. Verneuil ; selection and commentary by William Wheeler.</subfield>
  </datafield>
  <datafield tag="260" ind1=" " ind2=" ">
    <subfield code="a">London :</subfield>
    <subfield code="b">Michael O&apos;Mara,</subfield>
    <subfield code="c">1998.</subfield>
  </datafield>
  <datafield tag="300" ind1=" " ind2=" ">
    <subfield code="a">173 s. :</subfield>
    <subfield code="b">kuv ;</subfield>
    <subfield code="c">30 cm.</subfield>
  </datafield>
  <datafield tag="500" ind1=" " ind2=" ">
    <subfield code="a"></subfield>
  </datafield>
  <datafield tag="590" ind1=" " ind2=" ">
    <subfield code="a">V:1998; H:00197,00mk</subfield>
  </datafield>
  <datafield tag="650" ind1=" " ind2="7">
    <subfield code="a">koristemaalaus</subfield>
    <subfield code="x">mallit</subfield>
    <subfield code="x">kukat</subfield>
    <subfield code="2">ysa</subfield>
  </datafield>
  <datafield tag="700" ind1="1" ind2=" ">
    <subfield code="a">Wheeler, William.</subfield>
  </datafield>
</record>