
<record format="MARC21" type="Bibliographic">
  <leader>00000cam a22      a 4500</leader>
  <controlfield tag="001">0304349410</controlfield>
  <controlfield tag="003">KONVERSIO</controlfield>
  <controlfield tag="005">20180213134826.0</controlfield>
  <controlfield tag="008">971210s1997    xxk||||||o       |  eng| </controlfield>
  <datafield tag="020" ind1=" " ind2=" ">
    <subfield code="a">0-304-34941-0</subfield>
    <subfield code="q">sid :</subfield>
    <subfield code="c">178 FIM</subfield>
  </datafield>
  <datafield tag="035" ind1=" " ind2=" ">
    <subfield code="a">{2D74A22E-A310-00A3-0749-0030050E2A61}</subfield>
  </datafield>
  <datafield tag="041" ind1="0" ind2=" ">
    <subfield code="a">eng</subfield>
  </datafield>
  <datafield tag="084" ind1=" " ind2=" ">
    <subfield code="a">89.503</subfield>
    <subfield code="2">ykl</subfield>
  </datafield>
  <datafield tag="100" ind1="1" ind2=" ">
    <subfield code="a">Blamires, Harry.</subfield>
  </datafield>
  <datafield tag="245" ind1="1" ind2="4">
    <subfield code="a">The Cassell guide to common errors in English /</subfield>
    <subfield code="c">Harry Blamires.</subfield>
  </datafield>
  <datafield tag="260" ind1=" " ind2=" ">
    <subfield code="a">London :</subfield>
    <subfield code="b">Cassell,</subfield>
    <subfield code="c">1997.</subfield>
  </datafield>
  <datafield tag="300" ind1=" " ind2=" ">
    <subfield code="a">334 s. ;</subfield>
    <subfield code="c">21 cm.</subfield>
  </datafield>
  <datafield tag="500" ind1=" " ind2=" ">
    <subfield code="a"></subfield>
  </datafield>
  <datafield tag="590" ind1=" " ind2=" ">
    <subfield code="a">V:1997; H:00178,00mk</subfield>
  </datafield>
  <datafield tag="650" ind1=" " ind2="7">
    <subfield code="a">englannin kieli</subfield>
    <subfield code="x">kielivirheet</subfield>
    <subfield code="2">ysa</subfield>
  </datafield>
</record>