
<record format="MARC21" type="Bibliographic">
  <leader>00000ccm a22     4a 4500</leader>
  <controlfield tag="001">0634044605</controlfield>
  <controlfield tag="003">KONVERSIO</controlfield>
  <controlfield tag="005">20180213134826.0</controlfield>
  <controlfield tag="007">              </controlfield>
  <controlfield tag="008">040318s2003    xxu||z|  ||||||  |||eng|c</controlfield>
  <datafield tag="020" ind1=" " ind2=" ">
    <subfield code="a">0-634-04460-5 :</subfield>
    <subfield code="c">21 EUR</subfield>
  </datafield>
  <datafield tag="028" ind1="0" ind2="1">
    <subfield code="b">Hal Leonard</subfield>
    <subfield code="a">HL00695692</subfield>
  </datafield>
  <datafield tag="035" ind1=" " ind2=" ">
    <subfield code="a">{4155B12E-A310-00A3-0749-0030050E2A61}</subfield>
  </datafield>
  <datafield tag="041" ind1="0" ind2=" ">
    <subfield code="a">eng</subfield>
  </datafield>
  <datafield tag="084" ind1=" " ind2=" ">
    <subfield code="a">78.891107</subfield>
    <subfield code="2">ykl</subfield>
  </datafield>
  <datafield tag="084" ind1=" " ind2=" ">
    <subfield code="a">78.6907</subfield>
    <subfield code="2">ykl</subfield>
  </datafield>
  <datafield tag="100" ind1="1" ind2=" ">
    <subfield code="a">Friedland, Ed.</subfield>
  </datafield>
  <datafield tag="245" ind1="1" ind2="0">
    <subfield code="a">Building rock bass lines</subfield>
    <subfield code="h">[Nuottijulkaisu] :</subfield>
    <subfield code="b">A solid foundation for the rock bassist.</subfield>
  </datafield>
  <datafield tag="260" ind1=" " ind2=" ">
    <subfield code="a">S.l. :</subfield>
    <subfield code="b">Hal Leonard,</subfield>
    <subfield code="c">2003.</subfield>
  </datafield>
  <datafield tag="300" ind1=" " ind2=" ">
    <subfield code="a">soitonopas (45 s.) :</subfield>
    <subfield code="b">nuott. ; kuv. ;</subfield>
    <subfield code="c">30 cm +</subfield>
    <subfield code="e">1 CD-levy.</subfield>
  </datafield>
  <datafield tag="650" ind1=" " ind2="7">
    <subfield code="a">rock</subfield>
    <subfield code="x">soitonoppaat</subfield>
    <subfield code="x">bassokitara</subfield>
    <subfield code="2">musa</subfield>
  </datafield>
</record>