
<record format="MARC21" type="Bibliographic">
  <leader>00000nam a22     4a 4500</leader>
  <controlfield tag="001">0007102232</controlfield>
  <controlfield tag="003">KONVERSIO</controlfield>
  <controlfield tag="005">20180213134826.0</controlfield>
  <controlfield tag="008">001010s2000       ||||  o       |  eng|c</controlfield>
  <datafield tag="020" ind1=" " ind2=" ">
    <subfield code="a">0-00-710223-2</subfield>
    <subfield code="q">nid. :</subfield>
    <subfield code="c">61 FIM</subfield>
  </datafield>
  <datafield tag="035" ind1=" " ind2=" ">
    <subfield code="a">{27C8B72E-A310-00A3-0749-0030050E2A61}</subfield>
  </datafield>
  <datafield tag="041" ind1="0" ind2=" ">
    <subfield code="a">eng</subfield>
  </datafield>
  <datafield tag="084" ind1=" " ind2=" ">
    <subfield code="a">67.45</subfield>
    <subfield code="2">ykl</subfield>
  </datafield>
  <datafield tag="100" ind1="1" ind2=" ">
    <subfield code="a">Gray, Andrew.</subfield>
  </datafield>
  <datafield tag="245" ind1="1" ind2="0">
    <subfield code="a">Keeping amphibians :</subfield>
    <subfield code="b">a practical guide to caring for frogs, toads, newts and salamanders /</subfield>
    <subfield code="c">Andrew R. Gray.</subfield>
  </datafield>
  <datafield tag="260" ind1=" " ind2=" ">
    <subfield code="a">London :</subfield>
    <subfield code="b">HarperCollins,</subfield>
    <subfield code="c">2000.</subfield>
  </datafield>
  <datafield tag="300" ind1=" " ind2=" ">
    <subfield code="a">62 s. :</subfield>
    <subfield code="b">kuv. ;</subfield>
    <subfield code="c">21 cm.</subfield>
  </datafield>
  <datafield tag="500" ind1=" " ind2=" ">
    <subfield code="a"></subfield>
  </datafield>
  <datafield tag="590" ind1=" " ind2=" ">
    <subfield code="a">V:2000; H:00061,00mk</subfield>
  </datafield>
  <datafield tag="650" ind1=" " ind2="7">
    <subfield code="a">sammakot</subfield>
    <subfield code="2">ysa</subfield>
  </datafield>
  <datafield tag="650" ind1=" " ind2="7">
    <subfield code="a">salamanterit</subfield>
    <subfield code="2">ysa</subfield>
  </datafield>
</record>