
<record format="MARC21" type="Bibliographic">
  <leader>00000ccm a22     4a 4500</leader>
  <controlfield tag="001">0711987726</controlfield>
  <controlfield tag="003">KONVERSIO</controlfield>
  <controlfield tag="005">20180213134826.0</controlfield>
  <controlfield tag="007">              </controlfield>
  <controlfield tag="008">030514s2003    xxk||z|  ||||||  |||eng|c</controlfield>
  <datafield tag="020" ind1=" " ind2=" ">
    <subfield code="a">0-7119-8772-6 :</subfield>
    <subfield code="c">15.90 EUR</subfield>
  </datafield>
  <datafield tag="028" ind1="0" ind2="1">
    <subfield code="b">Wise Publications</subfield>
    <subfield code="a">AM969672</subfield>
  </datafield>
  <datafield tag="035" ind1=" " ind2=" ">
    <subfield code="a">{4D51172F-A310-00A3-0749-0030050E2A61}</subfield>
  </datafield>
  <datafield tag="041" ind1="0" ind2=" ">
    <subfield code="a">eng</subfield>
  </datafield>
  <datafield tag="084" ind1=" " ind2=" ">
    <subfield code="a">78.8907</subfield>
    <subfield code="2">ykl</subfield>
  </datafield>
  <datafield tag="084" ind1=" " ind2=" ">
    <subfield code="a">78.6507</subfield>
    <subfield code="2">ykl</subfield>
  </datafield>
  <datafield tag="100" ind1="1" ind2=" ">
    <subfield code="a">Douse, Cliff.</subfield>
  </datafield>
  <datafield tag="245" ind1="1" ind2="0">
    <subfield code="a">Absolute beginners guitar scales</subfield>
    <subfield code="h">[Nuottijulkaisu].</subfield>
  </datafield>
  <datafield tag="260" ind1=" " ind2=" ">
    <subfield code="a">London :</subfield>
    <subfield code="b">Wise Publications,</subfield>
    <subfield code="c">2003.</subfield>
  </datafield>
  <datafield tag="300" ind1=" " ind2=" ">
    <subfield code="a">soitonopas (40 s.) :</subfield>
    <subfield code="b">kuv. ; nuott. ;</subfield>
    <subfield code="c">30 cm +</subfield>
    <subfield code="e">1 CD-levy.</subfield>
  </datafield>
  <datafield tag="650" ind1=" " ind2="7">
    <subfield code="a">soitonoppaat</subfield>
    <subfield code="x">kitara</subfield>
    <subfield code="x">asteikot</subfield>
    <subfield code="2">musa</subfield>
  </datafield>
</record>