
<record format="MARC21" type="Bibliographic">
  <leader>00000ccm a22     5a 4500</leader>
  <controlfield tag="001">1576236714</controlfield>
  <controlfield tag="003">KONVERSIO</controlfield>
  <controlfield tag="005">20180213134826.0</controlfield>
  <controlfield tag="007">              </controlfield>
  <controlfield tag="008">970219s1996    xxurcz|  ||||||  |||eng|c</controlfield>
  <datafield tag="020" ind1=" " ind2=" ">
    <subfield code="a">1-57623-671-4 :</subfield>
    <subfield code="c">149 FIM</subfield>
  </datafield>
  <datafield tag="035" ind1=" " ind2=" ">
    <subfield code="a">{74CBC52F-A310-00A3-0749-0030050E2A61}</subfield>
  </datafield>
  <datafield tag="041" ind1="0" ind2=" ">
    <subfield code="a">eng</subfield>
  </datafield>
  <datafield tag="084" ind1=" " ind2=" ">
    <subfield code="a">78.8911</subfield>
    <subfield code="2">ykl</subfield>
  </datafield>
  <datafield tag="100" ind1="1" ind2=" ">
    <subfield code="a">Young, Neil.</subfield>
  </datafield>
  <datafield tag="245" ind1="1" ind2="0">
    <subfield code="a">Neil Young with Crazy Horse</subfield>
    <subfield code="h">[Nuottijulkaisu] /</subfield>
    <subfield code="c">[säv. &amp; san.] Neil Young ; [säv. &amp; san.] Jimmy Reed.</subfield>
  </datafield>
  <datafield tag="260" ind1=" " ind2=" ">
    <subfield code="a">S.l. :</subfield>
    <subfield code="b">Warner Bros. Publications,</subfield>
    <subfield code="c">1996.</subfield>
  </datafield>
  <datafield tag="300" ind1=" " ind2=" ">
    <subfield code="a">41 s. [3] :</subfield>
    <subfield code="b">kuv. ;</subfield>
    <subfield code="c">30 cm.</subfield>
  </datafield>
  <datafield tag="500" ind1=" " ind2=" ">
    <subfield code="a">- sanat, melodia, kosketinsoitinsäestys, kitaran sointuotteet, sointumerkit.</subfield>
  </datafield>
  <datafield tag="500" ind1=" " ind2=" ">
    <subfield code="a">Nimeke oikeastaan piirretty katkaistu nuoli = Broken arrow.</subfield>
  </datafield>
  <datafield tag="505" ind1="0" ind2=" ">
    <subfield code="a">Big time ; Loose change ; Slip away ; Changing highways ; Scattered (Let&apos;s .</subfield>
  </datafield>
  <datafield tag="590" ind1=" " ind2=" ">
    <subfield code="a">V:1996; H:00149,00mk</subfield>
  </datafield>
  <datafield tag="700" ind1="1" ind2=" ">
    <subfield code="a">Reed, Jimmy.</subfield>
  </datafield>
  <datafield tag="940" ind1=" " ind2="0">
    <subfield code="a">Broken arrow songbook</subfield>
    <subfield code="y">Neil Young with Crazy Horse</subfield>
  </datafield>
  <datafield tag="940" ind1=" " ind2="0">
    <subfield code="a">Broken arrow</subfield>
    <subfield code="y">Neil Young with Crazy Horse</subfield>
  </datafield>
</record>