
<record format="MARC21" type="Bibliographic">
  <leader>00000ncm a22     5a 4500</leader>
  <controlfield tag="001">0853601151</controlfield>
  <controlfield tag="003">KONVERSIO</controlfield>
  <controlfield tag="005">20180213134826.0</controlfield>
  <controlfield tag="007">qu</controlfield>
  <controlfield tag="008">951123s1982    fi ||a||||||||||||||fin|c</controlfield>
  <datafield tag="020" ind1=" " ind2=" ">
    <subfield code="a">0-85360-115-1</subfield>
  </datafield>
  <datafield tag="035" ind1=" " ind2=" ">
    <subfield code="a">{64231930-A310-00A3-0749-0030050E2A61}</subfield>
  </datafield>
  <datafield tag="041" ind1="0" ind2=" ">
    <subfield code="a">fin</subfield>
    <subfield code="a">eng</subfield>
  </datafield>
  <datafield tag="084" ind1=" " ind2=" ">
    <subfield code="a">78.351</subfield>
    <subfield code="2">ykl</subfield>
  </datafield>
  <datafield tag="100" ind1="1" ind2=" ">
    <subfield code="a">Sallinen, Aulis,</subfield>
    <subfield code="e">säv., san.</subfield>
  </datafield>
  <datafield tag="240" ind1="1" ind2="0">
    <subfield code="a">Punainen viiva.</subfield>
    <subfield code="s">Partituuri, lauluäänet, piano,</subfield>
    <subfield code="n">op46</subfield>
  </datafield>
  <datafield tag="245" ind1="1" ind2="4">
    <subfield code="a">The red line :</subfield>
    <subfield code="b">an opera in two acts = Punainen viiva : kaksinäytöksinen ooppera /</subfield>
    <subfield code="c">Aulis Sallinen ; libretto: Aulis Sallinen Ilmari Kiannon samannimisen romaanin mukaan ; libretto by Aulis Sallinen, based on the novel &quot;The red line&quot; by Ilmari Kia ; English translation for singing by Stephen Oliver, based on the prose trans.</subfield>
  </datafield>
  <datafield tag="260" ind1=" " ind2=" ">
    <subfield code="a">Kent :</subfield>
    <subfield code="b">Novello,</subfield>
    <subfield code="c">1982.</subfield>
  </datafield>
  <datafield tag="300" ind1=" " ind2=" ">
    <subfield code="a">1 partituuri.</subfield>
  </datafield>
  <datafield tag="300" ind1=" " ind2=" ">
    <subfield code="a">451 s. ;</subfield>
    <subfield code="c">28 cm.</subfield>
  </datafield>
  <datafield tag="500" ind1=" " ind2=" ">
    <subfield code="a">Johdanto ja synopsis, Erkki Arni (englanti, suomi).</subfield>
  </datafield>
  <datafield tag="650" ind1=" " ind2="7">
    <subfield code="a">oopperat</subfield>
    <subfield code="z">Suomi</subfield>
    <subfield code="y">1970-luku</subfield>
    <subfield code="2">musa</subfield>
  </datafield>
  <datafield tag="700" ind1="1" ind2=" ">
    <subfield code="a">Oliver, Stephen,</subfield>
    <subfield code="e">engl.</subfield>
  </datafield>
</record>