
<record format="MARC21" type="Bibliographic">
  <leader>00000nam a22     5a 4500</leader>
  <controlfield tag="001">9510085863</controlfield>
  <controlfield tag="003">KONVERSIO</controlfield>
  <controlfield tag="005">20180213134826.0</controlfield>
  <controlfield tag="008">781012s1978    fi |||||||||| ||||f|fin|c</controlfield>
  <datafield tag="020" ind1=" " ind2=" ">
    <subfield code="a">951-0-08586-3</subfield>
    <subfield code="q">sid. :</subfield>
    <subfield code="c">54 mk</subfield>
  </datafield>
  <datafield tag="035" ind1=" " ind2=" ">
    <subfield code="a">{E73D6C30-A310-00A3-0749-0030050E2A61}</subfield>
  </datafield>
  <datafield tag="041" ind1="1" ind2=" ">
    <subfield code="a">fin</subfield>
    <subfield code="h">eng</subfield>
  </datafield>
  <datafield tag="084" ind1=" " ind2=" ">
    <subfield code="a">84.2</subfield>
    <subfield code="2">ykl</subfield>
  </datafield>
  <datafield tag="100" ind1="1" ind2=" ">
    <subfield code="a">Bradbury, Malcolm.</subfield>
  </datafield>
  <datafield tag="240" ind1="1" ind2="4">
    <subfield code="a">The history man</subfield>
  </datafield>
  <datafield tag="245" ind1="1" ind2="0">
    <subfield code="a">Ajan mies /</subfield>
    <subfield code="c">Malcolm Bradbury ; suom. Pentti Saarikoski.</subfield>
  </datafield>
  <datafield tag="260" ind1=" " ind2=" ">
    <subfield code="a">Porvoo ;</subfield>
    <subfield code="a">Hki ;</subfield>
    <subfield code="a">Juva :</subfield>
    <subfield code="b">WSOY,</subfield>
    <subfield code="c">1978</subfield>
    <subfield code="e">(Porvoo)</subfield>
  </datafield>
  <datafield tag="300" ind1=" " ind2=" ">
    <subfield code="a">326, [1] s. ;</subfield>
    <subfield code="c">21 cm.</subfield>
  </datafield>
  <datafield tag="490" ind1="1" ind2=" ">
    <subfield code="a">[Aikamme kertojia]</subfield>
  </datafield>
  <datafield tag="590" ind1=" " ind2=" ">
    <subfield code="a">V:1978; H:   54,00mk</subfield>
  </datafield>
  <datafield tag="700" ind1="1" ind2=" ">
    <subfield code="a">Saarikoski, Pentti,</subfield>
    <subfield code="d">1937-1983.</subfield>
  </datafield>
  <datafield tag="830" ind1=" " ind2="0">
    <subfield code="a">[Aikamme kertojia].</subfield>
  </datafield>
</record>