
<record format="MARC21" type="Bibliographic">
  <leader>00000ncm a22     5a 4500</leader>
  <controlfield tag="001">0863596282</controlfield>
  <controlfield tag="003">KONVERSIO</controlfield>
  <controlfield tag="005">20180213134826.0</controlfield>
  <controlfield tag="007">qu</controlfield>
  <controlfield tag="008">951123s1989    xxkrcz||||||||||||||eng|c</controlfield>
  <datafield tag="020" ind1=" " ind2=" ">
    <subfield code="a">0-86359-628-2</subfield>
  </datafield>
  <datafield tag="035" ind1=" " ind2=" ">
    <subfield code="a">{6AE77031-A310-00A3-0749-0030050E2A61}</subfield>
  </datafield>
  <datafield tag="041" ind1="0" ind2=" ">
    <subfield code="a">eng</subfield>
  </datafield>
  <datafield tag="084" ind1=" " ind2=" ">
    <subfield code="a">78.891</subfield>
    <subfield code="2">ykl</subfield>
  </datafield>
  <datafield tag="110" ind1="2" ind2=" ">
    <subfield code="a">Pet Shop Boys,</subfield>
    <subfield code="e">esitt.</subfield>
  </datafield>
  <datafield tag="245" ind1="1" ind2="0">
    <subfield code="a">Introspective /</subfield>
    <subfield code="c">Pet Shop Boys ; words and music by Neil Tennant and Chris Lowe ...et al.</subfield>
  </datafield>
  <datafield tag="260" ind1=" " ind2=" ">
    <subfield code="a">Essex :</subfield>
    <subfield code="b">IMP [jakaja],</subfield>
    <subfield code="c">1989.</subfield>
  </datafield>
  <datafield tag="300" ind1=" " ind2=" ">
    <subfield code="a">1 sävelmäkokoelma.</subfield>
  </datafield>
  <datafield tag="300" ind1=" " ind2=" ">
    <subfield code="a">[48 s.] :</subfield>
    <subfield code="b">nuott., kuv. ;</subfield>
    <subfield code="c">30 cm.</subfield>
  </datafield>
  <datafield tag="590" ind1=" " ind2=" ">
    <subfield code="a">V:1989; H:  114,00mk</subfield>
  </datafield>
  <datafield tag="650" ind1=" " ind2="7">
    <subfield code="a">popmusiikki</subfield>
    <subfield code="z">Iso-Britannia</subfield>
    <subfield code="y">1980-luku</subfield>
    <subfield code="2">musa</subfield>
  </datafield>
</record>