
<record format="MARC21" type="Bibliographic">
  <leader>00000nam a22      a 4500</leader>
  <controlfield tag="001">0500203687</controlfield>
  <controlfield tag="003">KONVERSIO</controlfield>
  <controlfield tag="005">20180213134826.0</controlfield>
  <controlfield tag="008">030311s2003       ||||  o       |  eng| </controlfield>
  <datafield tag="020" ind1=" " ind2=" ">
    <subfield code="a">0-500-20368-7</subfield>
    <subfield code="q">nid. :</subfield>
    <subfield code="c">17.80 EUR</subfield>
  </datafield>
  <datafield tag="035" ind1=" " ind2=" ">
    <subfield code="a">{36E89E31-A310-00A3-0749-0030050E2A61}</subfield>
  </datafield>
  <datafield tag="041" ind1="0" ind2=" ">
    <subfield code="a">eng</subfield>
  </datafield>
  <datafield tag="084" ind1=" " ind2=" ">
    <subfield code="a">70.983</subfield>
    <subfield code="2">ykl</subfield>
  </datafield>
  <datafield tag="100" ind1="1" ind2=" ">
    <subfield code="a">Joselit, David.</subfield>
  </datafield>
  <datafield tag="245" ind1="1" ind2="0">
    <subfield code="a">American art since 1945 /</subfield>
    <subfield code="c">David Joselit.</subfield>
  </datafield>
  <datafield tag="260" ind1=" " ind2=" ">
    <subfield code="a">London :</subfield>
    <subfield code="b">Thames &amp; Hudson,</subfield>
    <subfield code="c">2003.</subfield>
  </datafield>
  <datafield tag="300" ind1=" " ind2=" ">
    <subfield code="a">256 s. :</subfield>
    <subfield code="b">kuv. ;</subfield>
    <subfield code="c">21 cm.</subfield>
  </datafield>
  <datafield tag="490" ind1="1" ind2=" ">
    <subfield code="a">World of art</subfield>
  </datafield>
  <datafield tag="500" ind1=" " ind2=" ">
    <subfield code="a"></subfield>
  </datafield>
  <datafield tag="650" ind1=" " ind2="7">
    <subfield code="a">kuvataide</subfield>
    <subfield code="z">Yhdysvallat</subfield>
    <subfield code="y">1900-luku</subfield>
    <subfield code="2">ysa</subfield>
  </datafield>
  <datafield tag="650" ind1=" " ind2="7">
    <subfield code="a">nykytaide</subfield>
    <subfield code="z">Yhdysvallat</subfield>
    <subfield code="2">ysa</subfield>
  </datafield>
  <datafield tag="650" ind1=" " ind2="7">
    <subfield code="a">moderni taide</subfield>
    <subfield code="z">Yhdysvallat</subfield>
    <subfield code="2">ysa</subfield>
  </datafield>
  <datafield tag="830" ind1=" " ind2="0">
    <subfield code="a">World of art.</subfield>
  </datafield>
</record>