
<record format="MARC21" type="Bibliographic">
  <leader>00000cam a22002177a 4500</leader>
  <controlfield tag="001">C0CECC33A31000A307490030050E2A61</controlfield>
  <controlfield tag="003">KONVERSIO</controlfield>
  <controlfield tag="005">20180213134826.0</controlfield>
  <controlfield tag="008">881115s1967    fi |||||||||| |||| |fin|c</controlfield>
  <datafield tag="020" ind1=" " ind2=" ">
    <subfield code="c">Sid. 38:40</subfield>
  </datafield>
  <datafield tag="035" ind1=" " ind2=" ">
    <subfield code="a">{C0CECC33-A310-00A3-0749-0030050E2A61}</subfield>
  </datafield>
  <datafield tag="041" ind1="0" ind2=" ">
    <subfield code="a">fin</subfield>
    <subfield code="a">eng</subfield>
  </datafield>
  <datafield tag="084" ind1=" " ind2=" ">
    <subfield code="a">74.92</subfield>
    <subfield code="2">ykl</subfield>
  </datafield>
  <datafield tag="084" ind1=" " ind2=" ">
    <subfield code="a">74.12</subfield>
    <subfield code="2">ykl</subfield>
  </datafield>
  <datafield tag="245" ind1="0" ind2="0">
    <subfield code="a">Suomen piirustustaide Schaumanista Rantaseen =</subfield>
    <subfield code="b">Finnish drawings from Schauman to Rantanen /</subfield>
    <subfield code="c">Julk. - Issued by: Taidepiirtäjäin liitto Grafia ; Toimituskunta - Board of editors: Eino Lainio.. ; Johdanto - Introd.: Sakari Saarikivi ; Käännös - Transl. by: H. P. Martin.</subfield>
  </datafield>
  <datafield tag="246" ind1="3" ind2=" ">
    <subfield code="a">Finnish drawings from Schauman to Rantanen</subfield>
  </datafield>
  <datafield tag="260" ind1=" " ind2=" ">
    <subfield code="a">Porvoo ;</subfield>
    <subfield code="a">Hki :</subfield>
    <subfield code="b">WS,</subfield>
    <subfield code="c">1967</subfield>
    <subfield code="e">(Porvoo)</subfield>
  </datafield>
  <datafield tag="300" ind1=" " ind2=" ">
    <subfield code="a">XIV (1) 210 s. :</subfield>
    <subfield code="b">kuv. ;</subfield>
    <subfield code="c">4:o.</subfield>
  </datafield>
  <datafield tag="500" ind1=" " ind2=" ">
    <subfield code="a">Kansinimeke: Suomen piirustustaide. 2.</subfield>
  </datafield>
  <datafield tag="590" ind1=" " ind2=" ">
    <subfield code="a">V:1967; H:   38,40mk</subfield>
  </datafield>
  <datafield tag="650" ind1=" " ind2="7">
    <subfield code="a">piirustustaide</subfield>
    <subfield code="x">historia</subfield>
    <subfield code="z">Suomi</subfield>
    <subfield code="2">ysa</subfield>
  </datafield>
  <datafield tag="700" ind1="1" ind2=" ">
    <subfield code="a">Lainio, Eka.</subfield>
  </datafield>
  <datafield tag="700" ind1="1" ind2=" ">
    <subfield code="a">Saarikivi, Sakari.</subfield>
  </datafield>
  <datafield tag="700" ind1="1" ind2=" ">
    <subfield code="a">Martin, Hal.</subfield>
  </datafield>
  <datafield tag="710" ind1="2" ind2=" ">
    <subfield code="a">Grafia.</subfield>
  </datafield>
  <datafield tag="852" ind1=" " ind2=" ">
    <subfield code="a">FI-Taide 2.</subfield>
  </datafield>
  <datafield tag="900" ind1="1" ind2=" ">
    <subfield code="a">Lainio, Eino</subfield>
    <subfield code="y">Lainio, Eka</subfield>
  </datafield>
  <datafield tag="910" ind1="2" ind2=" ">
    <subfield code="a">Grafia</subfield>
    <subfield code="y">Taidepiirtäjäin liitto Grafia</subfield>
  </datafield>
</record>