
<record format="MARC21" type="Bibliographic">
  <leader>00000nam a22     5a 4500</leader>
  <controlfield tag="001">3505047120</controlfield>
  <controlfield tag="003">KONVERSIO</controlfield>
  <controlfield tag="005">20180213134826.0</controlfield>
  <controlfield tag="008">970630s1993    gw ||||j||||| ||||f|ger|c</controlfield>
  <datafield tag="020" ind1=" " ind2=" ">
    <subfield code="a">3-505-04712-0</subfield>
    <subfield code="q">sid :</subfield>
    <subfield code="c">65 FIM</subfield>
  </datafield>
  <datafield tag="035" ind1=" " ind2=" ">
    <subfield code="a">{88553734-A310-00A3-0749-0030050E2A61}</subfield>
  </datafield>
  <datafield tag="041" ind1="0" ind2=" ">
    <subfield code="a">ger</subfield>
  </datafield>
  <datafield tag="084" ind1=" " ind2=" ">
    <subfield code="a">84.4</subfield>
    <subfield code="2">ykl</subfield>
  </datafield>
  <datafield tag="100" ind1="1" ind2=" ">
    <subfield code="a">Wolf, Klaus-Peter.</subfield>
  </datafield>
  <datafield tag="245" ind1="1" ind2="0">
    <subfield code="a">Drei tolle Nullen :</subfield>
    <subfield code="b">Die Nacht im Geisterwald /</subfield>
    <subfield code="c">Klaus-Peter Wolf.</subfield>
  </datafield>
  <datafield tag="246" ind1="3" ind2=" ">
    <subfield code="a">Die Nacht im Geisterwald</subfield>
  </datafield>
  <datafield tag="260" ind1=" " ind2=" ">
    <subfield code="a">München :</subfield>
    <subfield code="b">Schneider Buch,</subfield>
    <subfield code="c">1993.</subfield>
  </datafield>
  <datafield tag="300" ind1=" " ind2=" ">
    <subfield code="a">124 s. :</subfield>
    <subfield code="b">kuv. ;</subfield>
    <subfield code="c">19 cm.</subfield>
  </datafield>
  <datafield tag="590" ind1=" " ind2=" ">
    <subfield code="a">V:1993; H:00065,00mk</subfield>
  </datafield>
</record>