
<record format="MARC21" type="Bibliographic">
  <leader>00000cam a22      a 4500</leader>
  <controlfield tag="001">9197312843</controlfield>
  <controlfield tag="003">KONVERSIO</controlfield>
  <controlfield tag="005">20180213134826.0</controlfield>
  <controlfield tag="008">980303s1998    sw |||||||||| ||1| |swe| </controlfield>
  <datafield tag="020" ind1=" " ind2=" ">
    <subfield code="a">91-973128-4-3</subfield>
    <subfield code="q">inb. :</subfield>
    <subfield code="c">136 FIM</subfield>
  </datafield>
  <datafield tag="035" ind1=" " ind2=" ">
    <subfield code="a">{B33D3834-A310-00A3-0749-0030050E2A61}</subfield>
  </datafield>
  <datafield tag="041" ind1="0" ind2=" ">
    <subfield code="a">swe</subfield>
  </datafield>
  <datafield tag="084" ind1=" " ind2=" ">
    <subfield code="a">43.11</subfield>
    <subfield code="2">ykl</subfield>
  </datafield>
  <datafield tag="100" ind1="1" ind2=" ">
    <subfield code="a">Henrikson, Carl-Henrik,</subfield>
    <subfield code="d">1924-</subfield>
  </datafield>
  <datafield tag="245" ind1="1" ind2="0">
    <subfield code="a">Alla dessa promenader i Stockholmstrakten /</subfield>
    <subfield code="c">Carl-Henrik Henrikson, Mattias Henrikson ; [kartor: Christina Hedström] ; [foto: författarna].</subfield>
  </datafield>
  <datafield tag="250" ind1=" " ind2=" ">
    <subfield code="a">3., rev. uppl.</subfield>
  </datafield>
  <datafield tag="260" ind1=" " ind2=" ">
    <subfield code="a">Bromma :</subfield>
    <subfield code="b">Ordalaget,</subfield>
    <subfield code="c">1998.</subfield>
  </datafield>
  <datafield tag="300" ind1=" " ind2=" ">
    <subfield code="a">255, [1] s. :</subfield>
    <subfield code="b">ill., kartor (vissa i färg) ;</subfield>
    <subfield code="c">21 cm.</subfield>
  </datafield>
  <datafield tag="500" ind1=" " ind2=" ">
    <subfield code="a">Ryggtitel: 60 promenader.</subfield>
  </datafield>
  <datafield tag="590" ind1=" " ind2=" ">
    <subfield code="a">V:1998; H:00136,00mk</subfield>
  </datafield>
  <datafield tag="650" ind1=" " ind2="7">
    <subfield code="a">kävelyreitit</subfield>
    <subfield code="2">ysa</subfield>
  </datafield>
  <datafield tag="700" ind1="1" ind2=" ">
    <subfield code="a">Henrikson, Mattias,</subfield>
    <subfield code="d">1966-</subfield>
  </datafield>
</record>