
<record format="MARC21" type="Bibliographic">
  <leader>00000ccm a22     4a 4500</leader>
  <controlfield tag="001">0786662492</controlfield>
  <controlfield tag="003">KONVERSIO</controlfield>
  <controlfield tag="005">20180213134826.0</controlfield>
  <controlfield tag="007">              </controlfield>
  <controlfield tag="008">030102s2002    xxu||z|  ||||||  |||eng|c</controlfield>
  <datafield tag="020" ind1=" " ind2=" ">
    <subfield code="a">0-7866-6249-2 :</subfield>
    <subfield code="c">14.20 EUR</subfield>
  </datafield>
  <datafield tag="028" ind1="0" ind2="1">
    <subfield code="b">Mel Bay Publications</subfield>
    <subfield code="a">MB99927BCD</subfield>
  </datafield>
  <datafield tag="035" ind1=" " ind2=" ">
    <subfield code="a">{5B736434-A310-00A3-0749-0030050E2A61}</subfield>
  </datafield>
  <datafield tag="041" ind1="0" ind2=" ">
    <subfield code="a">eng</subfield>
  </datafield>
  <datafield tag="084" ind1=" " ind2=" ">
    <subfield code="a">78.6607</subfield>
    <subfield code="2">ykl</subfield>
  </datafield>
  <datafield tag="100" ind1="1" ind2=" ">
    <subfield code="a">Dahl, Gary.</subfield>
  </datafield>
  <datafield tag="245" ind1="1" ind2="0">
    <subfield code="a">Mel Bay&apos;s first lessons</subfield>
    <subfield code="h">[Nuottijulkaisu] :</subfield>
    <subfield code="b">Accordion /</subfield>
    <subfield code="c">by Gary Dahl.</subfield>
  </datafield>
  <datafield tag="260" ind1=" " ind2=" ">
    <subfield code="a">Pacific (MO) :</subfield>
    <subfield code="b">Mel Bay Publications,</subfield>
    <subfield code="c">2002.</subfield>
  </datafield>
  <datafield tag="300" ind1=" " ind2=" ">
    <subfield code="a">soitonopas (32 s.) :</subfield>
    <subfield code="b">kuv. ; nuott. ;</subfield>
    <subfield code="c">29 cm +</subfield>
    <subfield code="e">1 CD-levy.</subfield>
  </datafield>
  <datafield tag="650" ind1=" " ind2="7">
    <subfield code="a">harmonikka</subfield>
    <subfield code="x">pianoharmonikka</subfield>
    <subfield code="x">soitonoppaat</subfield>
    <subfield code="2">musa</subfield>
  </datafield>
  <datafield tag="940" ind1=" " ind2="0">
    <subfield code="a">First lessons</subfield>
  </datafield>
</record>