
<record format="MARC21" type="Bibliographic">
  <leader>00000cam a22      a 4500</leader>
  <controlfield tag="001">8742708079</controlfield>
  <controlfield tag="003">KONVERSIO</controlfield>
  <controlfield tag="005">20180213134826.0</controlfield>
  <controlfield tag="008">981014s1997       ||||  o       |  fin| </controlfield>
  <datafield tag="020" ind1=" " ind2=" ">
    <subfield code="a">87-427-0807-9</subfield>
    <subfield code="q">sid. :</subfield>
    <subfield code="c">155 FIM</subfield>
  </datafield>
  <datafield tag="020" ind1=" " ind2=" ">
    <subfield code="a">87-427-0820-6</subfield>
    <subfield code="q">koko teos, sid.</subfield>
  </datafield>
  <datafield tag="035" ind1=" " ind2=" ">
    <subfield code="a">{93B80935-A310-00A3-0749-0030050E2A61}</subfield>
  </datafield>
  <datafield tag="041" ind1="1" ind2=" ">
    <subfield code="a">fin</subfield>
    <subfield code="h">eng</subfield>
  </datafield>
  <datafield tag="084" ind1=" " ind2=" ">
    <subfield code="a">40</subfield>
    <subfield code="2">ykl</subfield>
  </datafield>
  <datafield tag="084" ind1=" " ind2=" ">
    <subfield code="a">46.8</subfield>
    <subfield code="2">ykl</subfield>
  </datafield>
  <datafield tag="084" ind1=" " ind2=" ">
    <subfield code="a">47.3</subfield>
    <subfield code="2">ykl</subfield>
  </datafield>
  <datafield tag="130" ind1="0" ind2=" ">
    <subfield code="a">Eastern Europe</subfield>
  </datafield>
  <datafield tag="245" ind1="1" ind2="0">
    <subfield code="a">Maailma tänään.</subfield>
    <subfield code="n">[13],</subfield>
    <subfield code="p">Itä-Eurooppa /</subfield>
    <subfield code="c">[päätoimittaja: Peter Haggett] ; [kääntäneet ja toimittaneet suomeksi Jarmo Hakanen ja Jere Hakanen].</subfield>
  </datafield>
  <datafield tag="246" ind1="3" ind2=" ">
    <subfield code="a">Itä-Eurooppa</subfield>
  </datafield>
  <datafield tag="260" ind1=" " ind2=" ">
    <subfield code="a">Kööpenhamina :</subfield>
    <subfield code="b">[Bonnier],</subfield>
    <subfield code="c">cop. 1997.</subfield>
  </datafield>
  <datafield tag="300" ind1=" " ind2=" ">
    <subfield code="a">128 s. :</subfield>
    <subfield code="b">kuv., kartt. ;</subfield>
    <subfield code="c">31 cm.</subfield>
  </datafield>
  <datafield tag="490" ind1="1" ind2=" ">
    <subfield code="a">Tieteen kuvalehden kirjasto</subfield>
  </datafield>
  <datafield tag="500" ind1=" " ind2=" ">
    <subfield code="a"></subfield>
  </datafield>
  <datafield tag="590" ind1=" " ind2=" ">
    <subfield code="a">V:1997; H:00155,00mk</subfield>
  </datafield>
  <datafield tag="651" ind1=" " ind2="7">
    <subfield code="a">Itä-Eurooppa</subfield>
    <subfield code="2">ysa</subfield>
  </datafield>
  <datafield tag="651" ind1=" " ind2="7">
    <subfield code="a">Puola</subfield>
    <subfield code="2">ysa</subfield>
  </datafield>
  <datafield tag="651" ind1=" " ind2="7">
    <subfield code="a">Taekki</subfield>
    <subfield code="2">ysa</subfield>
  </datafield>
  <datafield tag="651" ind1=" " ind2="7">
    <subfield code="a">Slovakia</subfield>
    <subfield code="2">ysa</subfield>
  </datafield>
  <datafield tag="651" ind1=" " ind2="7">
    <subfield code="a">Unkari</subfield>
    <subfield code="2">ysa</subfield>
  </datafield>
  <datafield tag="651" ind1=" " ind2="7">
    <subfield code="a">Romania</subfield>
    <subfield code="2">ysa</subfield>
  </datafield>
  <datafield tag="651" ind1=" " ind2="7">
    <subfield code="a">Bulgaria</subfield>
    <subfield code="2">ysa</subfield>
  </datafield>
  <datafield tag="651" ind1=" " ind2="7">
    <subfield code="a">Jugoslavia</subfield>
    <subfield code="2">ysa</subfield>
  </datafield>
  <datafield tag="651" ind1=" " ind2="7">
    <subfield code="a">Slovenia</subfield>
    <subfield code="2">ysa</subfield>
  </datafield>
  <datafield tag="651" ind1=" " ind2="7">
    <subfield code="a">Kroatia</subfield>
    <subfield code="2">ysa</subfield>
  </datafield>
  <datafield tag="651" ind1=" " ind2="7">
    <subfield code="a">Bosnia ja Hertsegovina</subfield>
    <subfield code="2">ysa</subfield>
  </datafield>
  <datafield tag="651" ind1=" " ind2="7">
    <subfield code="a">Makedonia</subfield>
    <subfield code="2">ysa</subfield>
  </datafield>
  <datafield tag="651" ind1=" " ind2="7">
    <subfield code="a">Albania</subfield>
    <subfield code="2">ysa</subfield>
  </datafield>
  <datafield tag="700" ind1="1" ind2=" ">
    <subfield code="a">Haggett, Peter.</subfield>
  </datafield>
  <datafield tag="700" ind1="1" ind2=" ">
    <subfield code="a">Hakanen, Jarmo.</subfield>
  </datafield>
  <datafield tag="700" ind1="1" ind2=" ">
    <subfield code="a">Hakanen, Jere.</subfield>
  </datafield>
  <datafield tag="830" ind1=" " ind2="0">
    <subfield code="a">Tieteen kuvalehden kirjasto.</subfield>
  </datafield>
</record>