
<record format="MARC21" type="Bibliographic">
  <leader>00000cjm a22     5a 4500</leader>
  <controlfield tag="001">1559612762</controlfield>
  <controlfield tag="003">KONVERSIO</controlfield>
  <controlfield tag="005">20180213134826.0</controlfield>
  <controlfield tag="007">sd|  |g   m| d</controlfield>
  <controlfield tag="008">960213s1995    xxufm||||z|||||  |||und|c</controlfield>
  <datafield tag="020" ind1=" " ind2=" ">
    <subfield code="c">109 FIM</subfield>
    <subfield code="a">1-55961-276-2</subfield>
    <subfield code="q">nid.</subfield>
  </datafield>
  <datafield tag="035" ind1=" " ind2=" ">
    <subfield code="a">{732A4435-A310-00A3-0749-0030050E2A61}</subfield>
  </datafield>
  <datafield tag="041" ind1="0" ind2=" ">
    <subfield code="d">und</subfield>
  </datafield>
  <datafield tag="084" ind1=" " ind2=" ">
    <subfield code="a">78.4826</subfield>
    <subfield code="2">ykl</subfield>
  </datafield>
  <datafield tag="245" ind1="0" ind2="0">
    <subfield code="a">Echoes of the Forest :</subfield>
    <subfield code="b">Music of the Central African Pygmies</subfield>
    <subfield code="h">[Äänite].</subfield>
  </datafield>
  <datafield tag="260" ind1=" " ind2=" ">
    <subfield code="a">New York :</subfield>
    <subfield code="b">Ellipsis Arts...,</subfield>
    <subfield code="c">cop.1995.</subfield>
  </datafield>
  <datafield tag="300" ind1=" " ind2=" ">
    <subfield code="a">1 CD-äänilevy :</subfield>
    <subfield code="b">kuv. ;</subfield>
    <subfield code="c">13 cm.</subfield>
  </datafield>
  <datafield tag="490" ind1="1" ind2=" ">
    <subfield code="a">Musical Expeditions</subfield>
  </datafield>
  <datafield tag="505" ind1="0" ind2=" ">
    <subfield code="a">Men&apos;s Elephant-Hunting Song ; Girls&apos; Echo Song ; Peipa (Girl&apos;s Initiation) .</subfield>
  </datafield>
  <datafield tag="590" ind1=" " ind2=" ">
    <subfield code="a">V:1995; H:00109,00mk</subfield>
  </datafield>
  <datafield tag="650" ind1=" " ind2="7">
    <subfield code="a">perinnemusiikki</subfield>
    <subfield code="x">pygmit</subfield>
    <subfield code="z">Afrikka</subfield>
    <subfield code="2">ysa</subfield>
  </datafield>
  <datafield tag="830" ind1=" " ind2="0">
    <subfield code="a">Musical Expeditions.</subfield>
  </datafield>
</record>