
<record format="MARC21" type="Bibliographic">
  <leader>00000nem a2200289 a 4500</leader>
  <controlfield tag="001">915884192X</controlfield>
  <controlfield tag="003">KONVERSIO</controlfield>
  <controlfield tag="005">20180213134827.0</controlfield>
  <controlfield tag="007">ad|ca|z</controlfield>
  <controlfield tag="008">040824s2003    fi |||||||e|| ||1|||swe| </controlfield>
  <datafield tag="020" ind1=" " ind2=" ">
    <subfield code="a">91-588-4192-X</subfield>
    <subfield code="q">hft. :</subfield>
    <subfield code="c">28.30 EUR</subfield>
  </datafield>
  <datafield tag="035" ind1=" " ind2=" ">
    <subfield code="a">{A47A7C35-A310-00A3-0749-0030050E2A61}</subfield>
  </datafield>
  <datafield tag="041" ind1="0" ind2=" ">
    <subfield code="a">swe</subfield>
  </datafield>
  <datafield tag="084" ind1=" " ind2=" ">
    <subfield code="a">43.102</subfield>
    <subfield code="2">ykl</subfield>
  </datafield>
  <datafield tag="245" ind1="0" ind2="0">
    <subfield code="a">Motormännens Sverige vägatlas</subfield>
    <subfield code="h">[Kartmaterial] :</subfield>
    <subfield code="b">med stadskartor och ortregister /</subfield>
    <subfield code="c">[kartografi och produktion: Kartcentrum, Vällingby].</subfield>
  </datafield>
  <datafield tag="246" ind1="3" ind2=" ">
    <subfield code="a">Sverige vägatlas</subfield>
  </datafield>
  <datafield tag="250" ind1=" " ind2=" ">
    <subfield code="a">13. uppl.</subfield>
  </datafield>
  <datafield tag="255" ind1=" " ind2=" ">
    <subfield code="a">1:12000000, 1:100000, 1:125000, 1:400000.</subfield>
  </datafield>
  <datafield tag="260" ind1=" " ind2=" ">
    <subfield code="a">Stockholm :</subfield>
    <subfield code="b">Motormännens riksförbund ;</subfield>
    <subfield code="a">Gävle :</subfield>
    <subfield code="b">Kartförlaget,</subfield>
    <subfield code="c">2003.</subfield>
  </datafield>
  <datafield tag="300" ind1=" " ind2=" ">
    <subfield code="a">1 atlas (287 s.) :</subfield>
    <subfield code="b">färg. ;</subfield>
    <subfield code="c">30 cm.</subfield>
  </datafield>
  <datafield tag="500" ind1=" " ind2=" ">
    <subfield code="a">Kartassa kertovaa tekstiä.</subfield>
  </datafield>
  <datafield tag="500" ind1=" " ind2=" ">
    <subfield code="a">Teckenförklaring på svenska, engelska och tyska.</subfield>
  </datafield>
  <datafield tag="504" ind1=" " ind2=" ">
    <subfield code="a">Namnregister.</subfield>
  </datafield>
  <datafield tag="505" ind1="0" ind2=" ">
    <subfield code="a">Tätortskartor, vägavståndstabellen.</subfield>
  </datafield>
  <datafield tag="650" ind1=" " ind2="7">
    <subfield code="a">kartastot</subfield>
    <subfield code="z">Ruotsi</subfield>
    <subfield code="2">ysa</subfield>
  </datafield>
  <datafield tag="650" ind1=" " ind2="7">
    <subfield code="a">tiekartat</subfield>
    <subfield code="z">Ruotsi</subfield>
    <subfield code="2">ysa</subfield>
  </datafield>
  <datafield tag="650" ind1=" " ind2="7">
    <subfield code="a">kartverk</subfield>
    <subfield code="z">Sverige</subfield>
    <subfield code="2">allars</subfield>
  </datafield>
  <datafield tag="650" ind1=" " ind2="7">
    <subfield code="a">vägkartor</subfield>
    <subfield code="z">Sverige</subfield>
    <subfield code="2">allars</subfield>
  </datafield>
  <datafield tag="651" ind1=" " ind2="7">
    <subfield code="a">Ruotsi</subfield>
    <subfield code="x">kartat</subfield>
    <subfield code="2">ysa</subfield>
  </datafield>
  <datafield tag="651" ind1=" " ind2="7">
    <subfield code="a">Sverige</subfield>
    <subfield code="x">kartor</subfield>
    <subfield code="2">ysa</subfield>
  </datafield>
  <datafield tag="710" ind1="2" ind2=" ">
    <subfield code="a">Motormännens riksförbund.</subfield>
  </datafield>
</record>