
<record format="MARC21" type="Bibliographic">
  <leader>00000nam a22     4a 4500</leader>
  <controlfield tag="001">0718144554</controlfield>
  <controlfield tag="003">KONVERSIO</controlfield>
  <controlfield tag="005">20180213134827.0</controlfield>
  <controlfield tag="008">010517s2001    xxk|||||||||| ||||f eng|c</controlfield>
  <datafield tag="020" ind1=" " ind2=" ">
    <subfield code="a">0-7181-4455-4</subfield>
    <subfield code="q">nid. :</subfield>
    <subfield code="c">118 FIM</subfield>
  </datafield>
  <datafield tag="035" ind1=" " ind2=" ">
    <subfield code="a">{52017E36-A310-00A3-0749-0030050E2A61}</subfield>
  </datafield>
  <datafield tag="041" ind1="0" ind2=" ">
    <subfield code="a">eng</subfield>
  </datafield>
  <datafield tag="084" ind1=" " ind2=" ">
    <subfield code="a">84.5</subfield>
    <subfield code="2">ykl</subfield>
  </datafield>
  <datafield tag="100" ind1="1" ind2=" ">
    <subfield code="a">Francis, Dick.</subfield>
  </datafield>
  <datafield tag="245" ind1="1" ind2="0">
    <subfield code="a">Shattered /</subfield>
    <subfield code="c">Dick Francis.</subfield>
  </datafield>
  <datafield tag="260" ind1=" " ind2=" ">
    <subfield code="a">London :</subfield>
    <subfield code="b">Michael Joseph,</subfield>
    <subfield code="c">2001.</subfield>
  </datafield>
  <datafield tag="300" ind1=" " ind2=" ">
    <subfield code="a">271 s. ;</subfield>
    <subfield code="c">23 cm.</subfield>
  </datafield>
  <datafield tag="590" ind1=" " ind2=" ">
    <subfield code="a">V:2001; H:00118,00mk</subfield>
  </datafield>
</record>