
<record format="MARC21" type="Bibliographic">
  <leader>00000ncm a22     5a 4500</leader>
  <controlfield tag="001">0881885479</controlfield>
  <controlfield tag="003">KONVERSIO</controlfield>
  <controlfield tag="005">20180213134827.0</controlfield>
  <controlfield tag="007">qu</controlfield>
  <controlfield tag="008">951123s1986    xxu||a||||||||||||||eng|c</controlfield>
  <datafield tag="020" ind1=" " ind2=" ">
    <subfield code="a">0-88188-547-9</subfield>
  </datafield>
  <datafield tag="028" ind1="0" ind2="1">
    <subfield code="b">Hal Leonard</subfield>
    <subfield code="a">HL00361075</subfield>
  </datafield>
  <datafield tag="035" ind1=" " ind2=" ">
    <subfield code="a">{6DCAA336-A310-00A3-0749-0030050E2A61}</subfield>
  </datafield>
  <datafield tag="041" ind1="0" ind2=" ">
    <subfield code="a">eng</subfield>
  </datafield>
  <datafield tag="084" ind1=" " ind2=" ">
    <subfield code="a">78.352</subfield>
    <subfield code="2">ykl</subfield>
  </datafield>
  <datafield tag="084" ind1=" " ind2=" ">
    <subfield code="a">78.332</subfield>
    <subfield code="2">ykl</subfield>
  </datafield>
  <datafield tag="245" ind1="0" ind2="4">
    <subfield code="a">The singer&apos;s musical theatre anthology.</subfield>
    <subfield code="p">Duets</subfield>
    <subfield code="h">[Nuottijulkaisu] /</subfield>
    <subfield code="c">editor Richard Walters.</subfield>
  </datafield>
  <datafield tag="260" ind1=" " ind2=" ">
    <subfield code="a">Milwaukee (WI) :</subfield>
    <subfield code="b">Hal Leonard,</subfield>
    <subfield code="c">1986.</subfield>
  </datafield>
  <datafield tag="300" ind1=" " ind2=" ">
    <subfield code="a">1 partituuri ;</subfield>
    <subfield code="c">30 cm.</subfield>
  </datafield>
  <datafield tag="382" ind1=" " ind2=" ">
    <subfield code="a">Lauluäänet (2),</subfield>
    <subfield code="a">piano</subfield>
  </datafield>
  <datafield tag="650" ind1=" " ind2="7">
    <subfield code="a">duetot</subfield>
    <subfield code="x">musikaalit</subfield>
    <subfield code="x">kokoelmat</subfield>
    <subfield code="z">Yhdysvallat</subfield>
    <subfield code="2">musa</subfield>
  </datafield>
  <datafield tag="650" ind1=" " ind2="7">
    <subfield code="a">näyttämömusiikki</subfield>
    <subfield code="x">laulumusiikki</subfield>
    <subfield code="x">kokoelmat</subfield>
    <subfield code="z">Yhdysvallat</subfield>
    <subfield code="2">musa</subfield>
  </datafield>
  <datafield tag="700" ind1="1" ind2=" ">
    <subfield code="a">Walters, Richard,</subfield>
    <subfield code="e">toim.</subfield>
  </datafield>
</record>