
<record format="MARC21" type="Bibliographic">
  <leader>00000ccm a22     7a 4500</leader>
  <controlfield tag="001">0793540585</controlfield>
  <controlfield tag="003">KONVERSIO</controlfield>
  <controlfield tag="005">20180213134827.0</controlfield>
  <controlfield tag="007">              </controlfield>
  <controlfield tag="008">960916s1995    xxu||z|j ||||||  |||eng|c</controlfield>
  <datafield tag="020" ind1=" " ind2=" ">
    <subfield code="a">0-7935-4058-5</subfield>
    <subfield code="q">nid. :</subfield>
    <subfield code="c">71 FIM, HL00313007</subfield>
  </datafield>
  <datafield tag="035" ind1=" " ind2=" ">
    <subfield code="a">{5D0CB33B-A310-00A3-0749-0030050E2A61}</subfield>
  </datafield>
  <datafield tag="041" ind1="0" ind2=" ">
    <subfield code="a">eng</subfield>
  </datafield>
  <datafield tag="084" ind1=" " ind2=" ">
    <subfield code="a">78.3115</subfield>
    <subfield code="2">ykl</subfield>
  </datafield>
  <datafield tag="100" ind1="1" ind2=" ">
    <subfield code="a">Sherman, Richard M.</subfield>
  </datafield>
  <datafield tag="245" ind1="1" ind2="0">
    <subfield code="a">Pooh</subfield>
    <subfield code="h">[Nuottijulkaisu] :</subfield>
    <subfield code="b">Songs from classic &quot;Winnie the Pooh&quot; featurettes /</subfield>
    <subfield code="c">Richard B. Sherman ; Robert B. Sherman.</subfield>
  </datafield>
  <datafield tag="260" ind1=" " ind2=" ">
    <subfield code="a">[S.l.] :</subfield>
    <subfield code="b">Wonderland Music Company,</subfield>
    <subfield code="c">cop. 1995</subfield>
    <subfield code="e">(Milwaukee :</subfield>
    <subfield code="f">Hal Leonard Corporation,</subfield>
    <subfield code="g">[1995])</subfield>
  </datafield>
  <datafield tag="300" ind1=" " ind2=" ">
    <subfield code="a">40 s. :</subfield>
    <subfield code="b">kuv., nuott. ;</subfield>
    <subfield code="c">30 cm.</subfield>
  </datafield>
  <datafield tag="505" ind1="0" ind2=" ">
    <subfield code="a">[Sis.:] Heffalumps and woozles ; Hip hip Pooh ray ; Little black rain cloud.</subfield>
  </datafield>
  <datafield tag="590" ind1=" " ind2=" ">
    <subfield code="a">V:1995; H:00071,00mk</subfield>
  </datafield>
  <datafield tag="650" ind1=" " ind2="7">
    <subfield code="a">lastenlaulut</subfield>
    <subfield code="x">Nalle Puh</subfield>
    <subfield code="2">ysa</subfield>
  </datafield>
  <datafield tag="700" ind1="1" ind2=" ">
    <subfield code="a">Sherman, Robert B.</subfield>
  </datafield>
  <datafield tag="940" ind1="1" ind2=" ">
    <subfield code="a">Nalle Puh</subfield>
    <subfield code="y">Pooh</subfield>
  </datafield>
</record>