
<record format="MARC21" type="Bibliographic">
  <leader>00000nam a22     4a 4500</leader>
  <controlfield tag="001">9510074454</controlfield>
  <controlfield tag="003">KONVERSIO</controlfield>
  <controlfield tag="005">20180213134827.0</controlfield>
  <controlfield tag="008">890523s1988    fi |||||||||| ||||f|fin|c</controlfield>
  <datafield tag="020" ind1=" " ind2=" ">
    <subfield code="a">951-0-07445-4</subfield>
    <subfield code="q">sid. :</subfield>
    <subfield code="c">110 mk</subfield>
  </datafield>
  <datafield tag="035" ind1=" " ind2=" ">
    <subfield code="a">{D8EDD33B-A310-00A3-0749-0030050E2A61}</subfield>
  </datafield>
  <datafield tag="041" ind1="1" ind2=" ">
    <subfield code="a">fin</subfield>
    <subfield code="h">eng</subfield>
  </datafield>
  <datafield tag="084" ind1=" " ind2=" ">
    <subfield code="a">84.2</subfield>
    <subfield code="2">ykl</subfield>
  </datafield>
  <datafield tag="100" ind1="1" ind2=" ">
    <subfield code="a">Buck, Pearl S.</subfield>
  </datafield>
  <datafield tag="240" ind1="1" ind2="4">
    <subfield code="a">The good earth</subfield>
  </datafield>
  <datafield tag="245" ind1="1" ind2="0">
    <subfield code="a">Hyvä maa /</subfield>
    <subfield code="c">Pearl S. Buck.</subfield>
  </datafield>
  <datafield tag="250" ind1=" " ind2=" ">
    <subfield code="a">8. p</subfield>
  </datafield>
  <datafield tag="260" ind1=" " ind2=" ">
    <subfield code="a">Porvoo ;</subfield>
    <subfield code="a">Hki :</subfield>
    <subfield code="b">WSOY,</subfield>
    <subfield code="c">1988</subfield>
    <subfield code="e">(Juva)</subfield>
  </datafield>
  <datafield tag="300" ind1=" " ind2=" ">
    <subfield code="a">378 s. ;</subfield>
    <subfield code="c">22 cm.</subfield>
  </datafield>
  <datafield tag="500" ind1=" " ind2=" ">
    <subfield code="a">7. p. 1976 (Nobel).</subfield>
  </datafield>
  <datafield tag="500" ind1=" " ind2=" ">
    <subfield code="a">Suom. Vera Snellman.</subfield>
  </datafield>
  <datafield tag="590" ind1=" " ind2=" ">
    <subfield code="a">V:1976; H:   35,10mk</subfield>
  </datafield>
  <datafield tag="700" ind1="1" ind2=" ">
    <subfield code="a">Snellman, Vera.</subfield>
  </datafield>
</record>