
<record format="MARC21" type="Bibliographic">
  <leader>00000ncm a22      a 4500</leader>
  <controlfield tag="001">0769262716</controlfield>
  <controlfield tag="003">KONVERSIO</controlfield>
  <controlfield tag="005">20180213134827.0</controlfield>
  <controlfield tag="007">              </controlfield>
  <controlfield tag="008">990120s1998    xxumpz|  ||||||  |||eng| </controlfield>
  <datafield tag="020" ind1=" " ind2=" ">
    <subfield code="a">0-7692-6271-6 :</subfield>
    <subfield code="c">124 FIM</subfield>
  </datafield>
  <datafield tag="024" ind1="3" ind2=" ">
    <subfield code="a">9780769262710</subfield>
  </datafield>
  <datafield tag="028" ind1="0" ind2="1">
    <subfield code="b">WB Music</subfield>
    <subfield code="a">MF9809</subfield>
  </datafield>
  <datafield tag="035" ind1=" " ind2=" ">
    <subfield code="a">{59C3183C-A310-00A3-0749-0030050E2A61}</subfield>
  </datafield>
  <datafield tag="041" ind1="0" ind2=" ">
    <subfield code="a">eng</subfield>
  </datafield>
  <datafield tag="084" ind1=" " ind2=" ">
    <subfield code="a">78.355</subfield>
    <subfield code="2">ykl</subfield>
  </datafield>
  <datafield tag="084" ind1=" " ind2=" ">
    <subfield code="a">78.89</subfield>
    <subfield code="2">ykl</subfield>
  </datafield>
  <datafield tag="245" ind1="0" ind2="0">
    <subfield code="a">Warner Bros. 75th anniversary</subfield>
    <subfield code="h">[Nuottijulkaisu] :</subfield>
    <subfield code="b">a tribute in music from the 20s through the 90s.</subfield>
    <subfield code="n">Vol. 3,</subfield>
    <subfield code="p">60s &amp; 70s.</subfield>
  </datafield>
  <datafield tag="260" ind1=" " ind2=" ">
    <subfield code="a">Miami :</subfield>
    <subfield code="b">Warner Bros. ;</subfield>
    <subfield code="a">Woodford Green :</subfield>
    <subfield code="b">International Music Publications,</subfield>
    <subfield code="c">C1998.</subfield>
  </datafield>
  <datafield tag="300" ind1=" " ind2=" ">
    <subfield code="a">1 sävelmäkokoelma (256 s.) :</subfield>
    <subfield code="b">kuv. ;</subfield>
    <subfield code="c">31 cm.</subfield>
  </datafield>
  <datafield tag="500" ind1=" " ind2=" ">
    <subfield code="a">Sanat, melodia, kosketinsoitin, kitaran sointuotteet/sointumerkit.</subfield>
  </datafield>
  <datafield tag="505" ind1="0" ind2=" ">
    <subfield code="a">66 elokuvasävelmää Warner Bros. -yhtiön elokuvista.</subfield>
  </datafield>
  <datafield tag="590" ind1=" " ind2=" ">
    <subfield code="a">V:1998; H:00124,00mk</subfield>
  </datafield>
  <datafield tag="610" ind1="2" ind2="4">
    <subfield code="a">Warner Bros.</subfield>
    <subfield code="x">Elokuvamusiikki.</subfield>
  </datafield>
  <datafield tag="650" ind1=" " ind2="7">
    <subfield code="a">elokuvamusiikki</subfield>
    <subfield code="z">Yhdysvallat</subfield>
    <subfield code="y">1960-luku</subfield>
    <subfield code="y">1970-luku</subfield>
    <subfield code="2">musa</subfield>
  </datafield>
  <datafield tag="650" ind1=" " ind2="7">
    <subfield code="a">elokuvamusiikki</subfield>
    <subfield code="x">Warner Bros.</subfield>
    <subfield code="x">kokoelmat</subfield>
    <subfield code="2">musa</subfield>
  </datafield>
</record>