
<record format="MARC21" type="Bibliographic">
  <leader>00000nam a22      a 4500</leader>
  <controlfield tag="001">3766715089</controlfield>
  <controlfield tag="003">KONVERSIO</controlfield>
  <controlfield tag="005">20180213134827.0</controlfield>
  <controlfield tag="008">021115s2002       ||||  o       |  ger| </controlfield>
  <datafield tag="020" ind1=" " ind2=" ">
    <subfield code="a">3-7667-1508-9</subfield>
    <subfield code="q">sid. :</subfield>
    <subfield code="c">22.90 EUR</subfield>
  </datafield>
  <datafield tag="035" ind1=" " ind2=" ">
    <subfield code="a">{898BED3C-A310-00A3-0749-0030050E2A61}</subfield>
  </datafield>
  <datafield tag="041" ind1="0" ind2=" ">
    <subfield code="a">ger</subfield>
    <subfield code="a">eng</subfield>
  </datafield>
  <datafield tag="084" ind1=" " ind2=" ">
    <subfield code="a">65.7</subfield>
    <subfield code="2">ykl</subfield>
  </datafield>
  <datafield tag="100" ind1="1" ind2=" ">
    <subfield code="a">Waldis, Karin.</subfield>
  </datafield>
  <datafield tag="245" ind1="1" ind2="0">
    <subfield code="a">Porzellanmalerei Vögel und Schmetterlinge =</subfield>
    <subfield code="b">Porcelain painting birds and butterflies /</subfield>
    <subfield code="c">Karin Waldis ; [Übersetzung ins Englische: Ricki Wiersema ... und Celia Shute ...] ; [fotos: Alois Waldis ...].</subfield>
  </datafield>
  <datafield tag="246" ind1="3" ind2=" ">
    <subfield code="a">Porcelain painting birds and butterflies</subfield>
  </datafield>
  <datafield tag="260" ind1=" " ind2=" ">
    <subfield code="a">München :</subfield>
    <subfield code="b">Callwey,</subfield>
    <subfield code="c">2002.</subfield>
  </datafield>
  <datafield tag="300" ind1=" " ind2=" ">
    <subfield code="a">71 s. :</subfield>
    <subfield code="b">kuv. ;</subfield>
    <subfield code="c">22 cm.</subfield>
  </datafield>
  <datafield tag="490" ind1="1" ind2=" ">
    <subfield code="a">Callwey creativ, Spezial</subfield>
  </datafield>
  <datafield tag="500" ind1=" " ind2=" ">
    <subfield code="a"></subfield>
  </datafield>
  <datafield tag="650" ind1=" " ind2="7">
    <subfield code="a">posliininmaalaus</subfield>
    <subfield code="2">ysa</subfield>
  </datafield>
  <datafield tag="650" ind1=" " ind2="7">
    <subfield code="a">posliininmaalaus</subfield>
    <subfield code="x">aiheet</subfield>
    <subfield code="x">linnut</subfield>
    <subfield code="2">ysa</subfield>
  </datafield>
  <datafield tag="650" ind1=" " ind2="7">
    <subfield code="a">posliininmaalaus</subfield>
    <subfield code="x">aiheet</subfield>
    <subfield code="x">perhoset</subfield>
    <subfield code="2">ysa</subfield>
  </datafield>
  <datafield tag="700" ind1="1" ind2=" ">
    <subfield code="a">Waldis, Alois.</subfield>
  </datafield>
  <datafield tag="830" ind1=" " ind2="0">
    <subfield code="a">Callwey creativ,</subfield>
    <subfield code="p">Spezial.</subfield>
  </datafield>
</record>