
<record format="MARC21" type="Bibliographic">
  <leader>00000nam a22     5a 4500</leader>
  <controlfield tag="001">3770400615</controlfield>
  <controlfield tag="003">KONVERSIO</controlfield>
  <controlfield tag="005">20180213134827.0</controlfield>
  <controlfield tag="008">920406s1989    gw ||||j 6    ||||1|lat|c</controlfield>
  <datafield tag="020" ind1=" " ind2=" ">
    <subfield code="a">3-7704-0061-5</subfield>
    <subfield code="q">sid.</subfield>
  </datafield>
  <datafield tag="035" ind1=" " ind2=" ">
    <subfield code="a">{89CBD93D-A310-00A3-0749-0030050E2A61}</subfield>
  </datafield>
  <datafield tag="041" ind1="1" ind2=" ">
    <subfield code="a">lat</subfield>
    <subfield code="h">fre</subfield>
  </datafield>
  <datafield tag="084" ind1=" " ind2=" ">
    <subfield code="a">85.382</subfield>
    <subfield code="2">ykl</subfield>
  </datafield>
  <datafield tag="100" ind1="1" ind2=" ">
    <subfield code="a">Goscinny, René.</subfield>
  </datafield>
  <datafield tag="240" ind1="1" ind2="0">
    <subfield code="a">Astérix et les Normands</subfield>
  </datafield>
  <datafield tag="245" ind1="1" ind2="0">
    <subfield code="a">Asterix et Normanni /</subfield>
    <subfield code="c">composuit Goscinny ; pinxit Uderzo ; in latinum convertit Rubricastellanus ; [lateinische Übersetzung: Karl-Heinz Graf v. Rothenburg].</subfield>
  </datafield>
  <datafield tag="260" ind1=" " ind2=" ">
    <subfield code="a">Stutgardiae :</subfield>
    <subfield code="b">Delta,</subfield>
    <subfield code="c">cop. 1989.</subfield>
  </datafield>
  <datafield tag="300" ind1=" " ind2=" ">
    <subfield code="a">48 s. :</subfield>
    <subfield code="b">kuv. ;</subfield>
    <subfield code="c">30 cm +</subfield>
    <subfield code="e">liite ([3] s.)</subfield>
  </datafield>
  <datafield tag="490" ind1="0" ind2=" ">
    <subfield code="a">Novum periculum Asterigis ;</subfield>
    <subfield code="v">11</subfield>
  </datafield>
  <datafield tag="500" ind1=" " ind2=" ">
    <subfield code="a">Saksan-, englannin-, ranskan-, italian- ja espanjankielinen  sanasto.</subfield>
  </datafield>
  <datafield tag="590" ind1=" " ind2=" ">
    <subfield code="a">V:1989; H:   83,00mk</subfield>
  </datafield>
  <datafield tag="700" ind1="1" ind2=" ">
    <subfield code="a">Uderzo, Albert.</subfield>
  </datafield>
  <datafield tag="904" ind1=" " ind2=" ">
    <subfield code="a">p</subfield>
  </datafield>
</record>