
<record format="MARC21" type="Bibliographic">
  <leader>00000ccm a22     4a 4500</leader>
  <controlfield tag="001">0711997926</controlfield>
  <controlfield tag="003">KONVERSIO</controlfield>
  <controlfield tag="005">20180213134827.0</controlfield>
  <controlfield tag="007">              </controlfield>
  <controlfield tag="008">030303s2002    xxkrc |  ||||||  |||eng|c</controlfield>
  <datafield tag="020" ind1=" " ind2=" ">
    <subfield code="a">0-7119-9792-6 :</subfield>
    <subfield code="c">29.70 EUR</subfield>
  </datafield>
  <datafield tag="035" ind1=" " ind2=" ">
    <subfield code="a">{4E7D853E-A310-00A3-0749-0030050E2A61}</subfield>
  </datafield>
  <datafield tag="041" ind1="0" ind2=" ">
    <subfield code="a">eng</subfield>
  </datafield>
  <datafield tag="084" ind1=" " ind2=" ">
    <subfield code="a">78.8911</subfield>
    <subfield code="2">ykl</subfield>
  </datafield>
  <datafield tag="110" ind1="2" ind2=" ">
    <subfield code="a">Stone Roses.</subfield>
  </datafield>
  <datafield tag="245" ind1="1" ind2="4">
    <subfield code="a">The very best of the Stone Roses</subfield>
    <subfield code="h">[Nuottijulkaisu] :</subfield>
    <subfield code="b">guitar tab edition.</subfield>
  </datafield>
  <datafield tag="260" ind1=" " ind2=" ">
    <subfield code="a">London :</subfield>
    <subfield code="b">Wise Publications,</subfield>
    <subfield code="c">2002.</subfield>
  </datafield>
  <datafield tag="300" ind1=" " ind2=" ">
    <subfield code="a">118 s. :</subfield>
    <subfield code="b">nuott. ; tab. ;</subfield>
    <subfield code="c">30 cm.</subfield>
  </datafield>
  <datafield tag="505" ind1="0" ind2=" ">
    <subfield code="a">Begging you ; Breaking into heaven ; Elephant stone ; Fools gold ; I am the.</subfield>
  </datafield>
  <datafield tag="650" ind1=" " ind2="7">
    <subfield code="a">rock</subfield>
    <subfield code="x">kitara</subfield>
    <subfield code="x">tabulatuurinotaatiot</subfield>
    <subfield code="2">musa</subfield>
  </datafield>
</record>