
<record format="MARC21" type="Bibliographic">
  <leader>00000nam a22     5a 4500</leader>
  <controlfield tag="001">0751370193</controlfield>
  <controlfield tag="003">KONVERSIO</controlfield>
  <controlfield tag="005">20180213134827.0</controlfield>
  <controlfield tag="008">941202s1994    xxk||||j o       |  eng|c</controlfield>
  <datafield tag="020" ind1=" " ind2=" ">
    <subfield code="a">0-7513-7019-3</subfield>
    <subfield code="q">sid.</subfield>
  </datafield>
  <datafield tag="035" ind1=" " ind2=" ">
    <subfield code="a">{567CF53F-A310-00A3-0749-0030050E2A61}</subfield>
  </datafield>
  <datafield tag="041" ind1="0" ind2=" ">
    <subfield code="a">eng</subfield>
  </datafield>
  <datafield tag="084" ind1=" " ind2=" ">
    <subfield code="a">77.32</subfield>
    <subfield code="2">ykl</subfield>
  </datafield>
  <datafield tag="100" ind1="1" ind2=" ">
    <subfield code="a">Bussell, Darcey.</subfield>
  </datafield>
  <datafield tag="245" ind1="1" ind2="4">
    <subfield code="a">The young dancer /</subfield>
    <subfield code="c">Darcey Bussell with Patricia Linton.</subfield>
  </datafield>
  <datafield tag="260" ind1=" " ind2=" ">
    <subfield code="a">London ;</subfield>
    <subfield code="a">New York ;</subfield>
    <subfield code="a">Stuttgart :</subfield>
    <subfield code="b">Dorling Kindersley,</subfield>
    <subfield code="c">1994.</subfield>
  </datafield>
  <datafield tag="300" ind1=" " ind2=" ">
    <subfield code="a">64, [1] s. :</subfield>
    <subfield code="b">kuv. ;</subfield>
    <subfield code="c">29 cm.</subfield>
  </datafield>
  <datafield tag="500" ind1=" " ind2=" ">
    <subfield code="a"></subfield>
  </datafield>
  <datafield tag="590" ind1=" " ind2=" ">
    <subfield code="a">V:1994; H:  143,00mk</subfield>
  </datafield>
  <datafield tag="700" ind1="1" ind2=" ">
    <subfield code="a">Linton, Patricia.</subfield>
  </datafield>
</record>