
<record format="MARC21" type="Bibliographic">
  <leader>00000ccm a22     5a 4500</leader>
  <controlfield tag="001">0860019683</controlfield>
  <controlfield tag="003">KONVERSIO</controlfield>
  <controlfield tag="005">20180213134827.0</controlfield>
  <controlfield tag="007">              </controlfield>
  <controlfield tag="008">951123s1982    xxkjzz|  ||||||  |||eng|c</controlfield>
  <datafield tag="020" ind1=" " ind2=" ">
    <subfield code="a">0-86001-968-3</subfield>
    <subfield code="q">nid. :</subfield>
    <subfield code="c">119 FIM</subfield>
  </datafield>
  <datafield tag="035" ind1=" " ind2=" ">
    <subfield code="a">{677F5440-A310-00A3-0749-0030050E2A61}</subfield>
  </datafield>
  <datafield tag="041" ind1="0" ind2=" ">
    <subfield code="a">eng</subfield>
  </datafield>
  <datafield tag="084" ind1=" " ind2=" ">
    <subfield code="a">78.8921</subfield>
    <subfield code="2">ykl</subfield>
  </datafield>
  <datafield tag="084" ind1=" " ind2=" ">
    <subfield code="a">78.68</subfield>
    <subfield code="2">ykl</subfield>
  </datafield>
  <datafield tag="245" ind1="0" ind2="0">
    <subfield code="a">Blues solos</subfield>
    <subfield code="h">[Nuottijulkaisu] /</subfield>
    <subfield code="c">[sov.] Kenneth Baker.</subfield>
  </datafield>
  <datafield tag="260" ind1=" " ind2=" ">
    <subfield code="a">[Lontoo] :</subfield>
    <subfield code="b">Wise Publications,</subfield>
    <subfield code="c">cop. 1982.</subfield>
  </datafield>
  <datafield tag="300" ind1=" " ind2=" ">
    <subfield code="a">80 s. ;</subfield>
    <subfield code="c">30 cm.</subfield>
  </datafield>
  <datafield tag="490" ind1="1" ind2=" ">
    <subfield code="a">Home organist library. Volume 8</subfield>
  </datafield>
  <datafield tag="500" ind1=" " ind2=" ">
    <subfield code="a">Kenneth Baker (sov.).</subfield>
  </datafield>
  <datafield tag="505" ind1="0" ind2=" ">
    <subfield code="a">[Sis.:] Angel eyes ; Basin Street blues ; Bluesette ; Farewell blues ; Fran.</subfield>
  </datafield>
  <datafield tag="590" ind1=" " ind2=" ">
    <subfield code="a">V:1982; H:00119,00mk</subfield>
  </datafield>
  <datafield tag="650" ind1=" " ind2="7">
    <subfield code="a">blues</subfield>
    <subfield code="x">sähköurut</subfield>
    <subfield code="2">ysa</subfield>
  </datafield>
  <datafield tag="700" ind1="1" ind2=" ">
    <subfield code="a">Baker, Kenneth.</subfield>
  </datafield>
  <datafield tag="830" ind1=" " ind2="0">
    <subfield code="a">Home organist library.</subfield>
    <subfield code="n">Volume 8.</subfield>
  </datafield>
</record>