
<record format="MARC21" type="Bibliographic">
  <leader>00000nam a22     5a 4500</leader>
  <controlfield tag="001">951007229X</controlfield>
  <controlfield tag="003">KONVERSIO</controlfield>
  <controlfield tag="005">20180213134827.0</controlfield>
  <controlfield tag="008">910407s1973       ||||  o       |  fin|c</controlfield>
  <datafield tag="020" ind1=" " ind2=" ">
    <subfield code="a">951-0-07229-X</subfield>
    <subfield code="q">nid.</subfield>
  </datafield>
  <datafield tag="035" ind1=" " ind2=" ">
    <subfield code="a">{D6278840-A310-00A3-0749-0030050E2A61}</subfield>
  </datafield>
  <datafield tag="041" ind1="0" ind2=" ">
    <subfield code="a">fin</subfield>
  </datafield>
  <datafield tag="084" ind1=" " ind2=" ">
    <subfield code="a">78.31</subfield>
    <subfield code="2">ykl</subfield>
  </datafield>
  <datafield tag="245" ind1="0" ind2="0">
    <subfield code="a">Iloisen laulajan kirja /</subfield>
    <subfield code="c">toim. Reino Hirviseppä ; kuv. Erkki Koponen.</subfield>
  </datafield>
  <datafield tag="250" ind1=" " ind2=" ">
    <subfield code="a">4. p.</subfield>
  </datafield>
  <datafield tag="260" ind1=" " ind2=" ">
    <subfield code="a">Porvoo ;</subfield>
    <subfield code="a">Helsinki :</subfield>
    <subfield code="b">WSOY,</subfield>
    <subfield code="c">1975</subfield>
    <subfield code="e">(Porvoo)</subfield>
  </datafield>
  <datafield tag="300" ind1=" " ind2=" ">
    <subfield code="a">[4], 258, [2] s. :</subfield>
    <subfield code="b">kuv. ;</subfield>
    <subfield code="c">nuott.</subfield>
  </datafield>
  <datafield tag="500" ind1=" " ind2=" ">
    <subfield code="a"></subfield>
  </datafield>
  <datafield tag="590" ind1=" " ind2=" ">
    <subfield code="a">V:1967; H:   12,00mk</subfield>
  </datafield>
  <datafield tag="700" ind1="1" ind2=" ">
    <subfield code="a">Hirviseppä, Reino.</subfield>
  </datafield>
  <datafield tag="700" ind1="1" ind2=" ">
    <subfield code="a">Koponen, Erkki.</subfield>
  </datafield>
  <datafield tag="900" ind1="1" ind2=" ">
    <subfield code="a">Palmroth, Reino</subfield>
    <subfield code="y">Hirviseppä Reino</subfield>
  </datafield>
</record>