
<record format="MARC21" type="Bibliographic">
  <leader>00000ccm a22     5a 4500</leader>
  <controlfield tag="001">0860017168</controlfield>
  <controlfield tag="003">KONVERSIO</controlfield>
  <controlfield tag="005">20180213134827.0</controlfield>
  <controlfield tag="007">qu</controlfield>
  <controlfield tag="008">951123s1980    xxkmpz||||||||||||||eng|c</controlfield>
  <datafield tag="020" ind1=" " ind2=" ">
    <subfield code="a">0-86001-716-8</subfield>
    <subfield code="q">nid.</subfield>
  </datafield>
  <datafield tag="028" ind1="0" ind2="1">
    <subfield code="b">Wise Publications</subfield>
    <subfield code="a">AM25941</subfield>
  </datafield>
  <datafield tag="035" ind1=" " ind2=" ">
    <subfield code="a">{67008741-A310-00A3-0749-0030050E2A61}</subfield>
  </datafield>
  <datafield tag="041" ind1="0" ind2=" ">
    <subfield code="a">eng</subfield>
  </datafield>
  <datafield tag="084" ind1=" " ind2=" ">
    <subfield code="a">78.355</subfield>
    <subfield code="2">ykl</subfield>
  </datafield>
  <datafield tag="084" ind1=" " ind2=" ">
    <subfield code="a">78.8935</subfield>
    <subfield code="2">ykl</subfield>
  </datafield>
  <datafield tag="084" ind1=" " ind2=" ">
    <subfield code="a">78.8931</subfield>
    <subfield code="2">ykl</subfield>
  </datafield>
  <datafield tag="084" ind1=" " ind2=" ">
    <subfield code="a">78.891</subfield>
    <subfield code="2">ykl</subfield>
  </datafield>
  <datafield tag="084" ind1=" " ind2=" ">
    <subfield code="a">78.68</subfield>
    <subfield code="2">ykl</subfield>
  </datafield>
  <datafield tag="245" ind1="0" ind2="0">
    <subfield code="a">Film music</subfield>
    <subfield code="h">[Nuottijulkaisu].</subfield>
  </datafield>
  <datafield tag="260" ind1=" " ind2=" ">
    <subfield code="a">[Lontoo] :</subfield>
    <subfield code="b">Wise Publications,</subfield>
    <subfield code="c">1980.</subfield>
  </datafield>
  <datafield tag="300" ind1=" " ind2=" ">
    <subfield code="a">95 s. ;</subfield>
    <subfield code="c">30 cm.</subfield>
  </datafield>
  <datafield tag="490" ind1="1" ind2=" ">
    <subfield code="a">Home organist library. Volume 3</subfield>
  </datafield>
  <datafield tag="500" ind1=" " ind2=" ">
    <subfield code="a">Elokuvamusiikkia sähköuruille sovitettuna, sointumerkit.</subfield>
  </datafield>
  <datafield tag="590" ind1=" " ind2=" ">
    <subfield code="a">V:1980; H:00067,00mk</subfield>
  </datafield>
  <datafield tag="650" ind1=" " ind2="7">
    <subfield code="a">elokuvamusiikki</subfield>
    <subfield code="x">kokoelmat</subfield>
    <subfield code="x">sähköurut</subfield>
    <subfield code="2">musa</subfield>
  </datafield>
  <datafield tag="830" ind1=" " ind2="0">
    <subfield code="a">Home organist library.</subfield>
    <subfield code="n">Volume 3.</subfield>
  </datafield>
</record>