
<record format="MARC21" type="Bibliographic">
  <leader>00000ccm a22     7a 4500</leader>
  <controlfield tag="001">1576232956</controlfield>
  <controlfield tag="003">KONVERSIO</controlfield>
  <controlfield tag="005">20180213134827.0</controlfield>
  <controlfield tag="007">              </controlfield>
  <controlfield tag="008">970220s1996    xxkrc |  ||||||  |||eng|c</controlfield>
  <datafield tag="020" ind1=" " ind2=" ">
    <subfield code="q">nid. :</subfield>
    <subfield code="c">90 FIM</subfield>
    <subfield code="a">1-57623-295-6</subfield>
  </datafield>
  <datafield tag="035" ind1=" " ind2=" ">
    <subfield code="a">{74B84042-A310-00A3-0749-0030050E2A61}</subfield>
  </datafield>
  <datafield tag="041" ind1="0" ind2=" ">
    <subfield code="a">eng</subfield>
  </datafield>
  <datafield tag="084" ind1=" " ind2=" ">
    <subfield code="a">78.8911</subfield>
    <subfield code="2">ykl</subfield>
  </datafield>
  <datafield tag="110" ind1="2" ind2=" ">
    <subfield code="a">Green Day.</subfield>
  </datafield>
  <datafield tag="245" ind1="1" ind2="0">
    <subfield code="a">Insomniac</subfield>
    <subfield code="h">[Nuottijulkaisu] /</subfield>
    <subfield code="c">Green Day ; [san.] Billie Joe ; [säv.] Billie Joe &amp; Green Day.</subfield>
  </datafield>
  <datafield tag="260" ind1=" " ind2=" ">
    <subfield code="a">[S.l.] :</subfield>
    <subfield code="b">Warner Bros.,</subfield>
    <subfield code="c">cop. 1996 ;</subfield>
    <subfield code="a">Essex :</subfield>
    <subfield code="b">IMP [jakaja]</subfield>
  </datafield>
  <datafield tag="300" ind1=" " ind2=" ">
    <subfield code="a">50 s. [2] :</subfield>
    <subfield code="b">kuv., nuott. ;</subfield>
    <subfield code="c">30 cm.</subfield>
  </datafield>
  <datafield tag="500" ind1=" " ind2=" ">
    <subfield code="a">sanat, melodia, kitara nuottina ja tabulatuurina, sointumerkit.</subfield>
  </datafield>
  <datafield tag="505" ind1="0" ind2=" ">
    <subfield code="a">[Sis.:] Armatage shanks ; Brat ; Stuck with me ; Geek stink breath ; No pri.</subfield>
  </datafield>
  <datafield tag="590" ind1=" " ind2=" ">
    <subfield code="a">V:1996; H:00090,00mk</subfield>
  </datafield>
  <datafield tag="650" ind1=" " ind2="7">
    <subfield code="a">kitara</subfield>
    <subfield code="x">tabulatuurinotaatiot</subfield>
    <subfield code="2">ysa</subfield>
  </datafield>
  <datafield tag="650" ind1=" " ind2="7">
    <subfield code="a">rock</subfield>
    <subfield code="2">ysa</subfield>
  </datafield>
</record>