
<record format="MARC21" type="Bibliographic">
  <leader>00000nam a2200181 a 4500</leader>
  <controlfield tag="001">3822801852</controlfield>
  <controlfield tag="003">KONVERSIO</controlfield>
  <controlfield tag="005">20180213134828.0</controlfield>
  <controlfield tag="008">900724 uuuu    fi |||||||||| |||| |fin| </controlfield>
  <datafield tag="020" ind1=" " ind2=" ">
    <subfield code="a">3-8228-0185-2</subfield>
    <subfield code="q">nid. :</subfield>
    <subfield code="c">39 mk</subfield>
  </datafield>
  <datafield tag="035" ind1=" " ind2=" ">
    <subfield code="a">{8AFF1743-A310-00A3-0749-0030050E2A61}</subfield>
  </datafield>
  <datafield tag="041" ind1="0" ind2=" ">
    <subfield code="a">fin</subfield>
  </datafield>
  <datafield tag="084" ind1=" " ind2=" ">
    <subfield code="a">74.93</subfield>
    <subfield code="2">ykl</subfield>
  </datafield>
  <datafield tag="100" ind1="1" ind2=" ">
    <subfield code="a">Bischoff, Ulrich.</subfield>
  </datafield>
  <datafield tag="245" ind1="1" ind2="0">
    <subfield code="a">Edvard Munch :</subfield>
    <subfield code="b">1863-1944 /</subfield>
    <subfield code="c">Ulrich Bis[c]hoff ; [suom...: Tuulikki Virta].</subfield>
  </datafield>
  <datafield tag="260" ind1=" " ind2=" ">
    <subfield code="a">Köln :</subfield>
    <subfield code="b">Benedikt Taschen,</subfield>
    <subfield code="c">cop. 1988.</subfield>
  </datafield>
  <datafield tag="300" ind1=" " ind2=" ">
    <subfield code="a">96 s. :</subfield>
    <subfield code="b">kuv. ;</subfield>
    <subfield code="c">30 cm.</subfield>
  </datafield>
  <datafield tag="500" ind1=" " ind2=" ">
    <subfield code="a">Tekijänimi nimiösivulla virheellisesti Ulrich Bishoff.</subfield>
  </datafield>
  <datafield tag="590" ind1=" " ind2=" ">
    <subfield code="a">V:1989; H:   39,00mk</subfield>
  </datafield>
  <datafield tag="600" ind1="1" ind2="4">
    <subfield code="a">Munch, Edvard.</subfield>
  </datafield>
</record>