
<record format="MARC21" type="Bibliographic">
  <leader>00000nam a22      a 4500</leader>
  <controlfield tag="001">0793500834</controlfield>
  <controlfield tag="003">KONVERSIO</controlfield>
  <controlfield tag="005">20180213134828.0</controlfield>
  <controlfield tag="008">011128s1990       ||||  o       |  eng| </controlfield>
  <datafield tag="020" ind1=" " ind2=" ">
    <subfield code="a">0-7935-0083-4</subfield>
    <subfield code="q">nid. :</subfield>
    <subfield code="c">8,25 EUR</subfield>
  </datafield>
  <datafield tag="035" ind1=" " ind2=" ">
    <subfield code="a">{5C375443-A310-00A3-0749-0030050E2A61}</subfield>
  </datafield>
  <datafield tag="041" ind1="0" ind2=" ">
    <subfield code="a">eng</subfield>
  </datafield>
  <datafield tag="084" ind1=" " ind2=" ">
    <subfield code="a">78.874</subfield>
    <subfield code="2">ykl</subfield>
  </datafield>
  <datafield tag="100" ind1="1" ind2=" ">
    <subfield code="a">Starr, Gregg R.</subfield>
  </datafield>
  <datafield tag="245" ind1="1" ind2="0">
    <subfield code="a">What&apos;s a sequencer? :</subfield>
    <subfield code="b">a basic guide to their features and use /</subfield>
    <subfield code="c">by Gregg R. Starr.</subfield>
  </datafield>
  <datafield tag="260" ind1=" " ind2=" ">
    <subfield code="a">Milwaukee :</subfield>
    <subfield code="b">H. Leonard,</subfield>
    <subfield code="c">1990.</subfield>
  </datafield>
  <datafield tag="300" ind1=" " ind2=" ">
    <subfield code="a">62 s. :</subfield>
    <subfield code="b">kuv. ;</subfield>
    <subfield code="c">23 cm.</subfield>
  </datafield>
  <datafield tag="500" ind1=" " ind2=" ">
    <subfield code="a"></subfield>
  </datafield>
  <datafield tag="650" ind1=" " ind2="7">
    <subfield code="a">sekvensseri</subfield>
    <subfield code="2">ysa</subfield>
  </datafield>
</record>