
<record format="MARC21" type="Bibliographic">
  <leader>00000nam a22001817a 4500</leader>
  <controlfield tag="001">f568966</controlfield>
  <controlfield tag="003">KONVERSIO</controlfield>
  <controlfield tag="005">20180213134828.0</controlfield>
  <controlfield tag="008">930603s1963    fi |||||||||| ||||j|fin|c</controlfield>
  <datafield tag="015" ind1=" " ind2=" ">
    <subfield code="a">f568966</subfield>
    <subfield code="2">skl</subfield>
  </datafield>
  <datafield tag="035" ind1=" " ind2=" ">
    <subfield code="a">{C8EFA743-A310-00A3-0749-0030050E2A61}</subfield>
  </datafield>
  <datafield tag="041" ind1="1" ind2=" ">
    <subfield code="a">fin</subfield>
    <subfield code="h">rus</subfield>
  </datafield>
  <datafield tag="084" ind1=" " ind2=" ">
    <subfield code="a">84.2</subfield>
    <subfield code="2">ykl</subfield>
  </datafield>
  <datafield tag="100" ind1="1" ind2=" ">
    <subfield code="a">Tolstoi, Leo.</subfield>
  </datafield>
  <datafield tag="245" ind1="1" ind2="0">
    <subfield code="a">Isäntä ja renki sekä kertomukset Tanssiaisten jälkeen ja Vankina Kaukasiass /</subfield>
    <subfield code="c">Leo Tolstoi ; suom. Juhani Konkka.</subfield>
  </datafield>
  <datafield tag="260" ind1=" " ind2=" ">
    <subfield code="a">Porvoo :</subfield>
    <subfield code="b">WSOY,</subfield>
    <subfield code="c">1963.</subfield>
  </datafield>
  <datafield tag="300" ind1=" " ind2=" ">
    <subfield code="a">103 s.</subfield>
  </datafield>
  <datafield tag="490" ind1="1" ind2=" ">
    <subfield code="a">Kirjallisuutta kouluille ;</subfield>
    <subfield code="v">[12]</subfield>
  </datafield>
  <datafield tag="590" ind1=" " ind2=" ">
    <subfield code="a">V:1963; H:    3,50mk</subfield>
  </datafield>
  <datafield tag="700" ind1="1" ind2=" ">
    <subfield code="a">Konkka, Juhani.</subfield>
  </datafield>
  <datafield tag="830" ind1=" " ind2="0">
    <subfield code="a">Kirjallisuutta kouluille ;</subfield>
    <subfield code="v">[12].</subfield>
  </datafield>
</record>