
<record format="MARC21" type="Bibliographic">
  <leader>00000com a22     5a 4500</leader>
  <controlfield tag="001">1885040024</controlfield>
  <controlfield tag="003">KONVERSIO</controlfield>
  <controlfield tag="005">20180213134828.0</controlfield>
  <controlfield tag="008">960531s1995    xxu|||||||||||||||||eng|c</controlfield>
  <datafield tag="020" ind1=" " ind2=" ">
    <subfield code="a">1-885040-02-4</subfield>
    <subfield code="q">CD-ROM :</subfield>
    <subfield code="c">363 FIM</subfield>
  </datafield>
  <datafield tag="035" ind1=" " ind2=" ">
    <subfield code="a">{82FE4546-A310-00A3-0749-0030050E2A61}</subfield>
  </datafield>
  <datafield tag="041" ind1="0" ind2=" ">
    <subfield code="a">eng</subfield>
  </datafield>
  <datafield tag="084" ind1=" " ind2=" ">
    <subfield code="a">79.813</subfield>
    <subfield code="2">ykl</subfield>
  </datafield>
  <datafield tag="245" ind1="0" ind2="4">
    <subfield code="a">The manhole</subfield>
    <subfield code="h">[Atk-tallenne] :</subfield>
    <subfield code="b">A whimsical world for children of all ages /</subfield>
    <subfield code="c">[publ.] Cyan.</subfield>
  </datafield>
  <datafield tag="260" ind1=" " ind2=" ">
    <subfield code="a">Spokane :</subfield>
    <subfield code="b">Cyan,</subfield>
    <subfield code="c">cop. 1995.</subfield>
  </datafield>
  <datafield tag="300" ind1=" " ind2=" ">
    <subfield code="a">1 CD-ROM-levy ;</subfield>
    <subfield code="c">12 cm +</subfield>
    <subfield code="e">+ 1 ohjevihko (12 x 12 cm)</subfield>
  </datafield>
  <datafield tag="500" ind1=" " ind2=" ">
    <subfield code="a">Ei lainausoikeutta.</subfield>
  </datafield>
  <datafield tag="500" ind1=" " ind2=" ">
    <subfield code="a">System requirements: Macintosh/Mac-OS: CD-ROM drive, System 7.0.1 or higher.</subfield>
  </datafield>
  <datafield tag="590" ind1=" " ind2=" ">
    <subfield code="a">V:1995; H:00363,00mk</subfield>
  </datafield>
  <datafield tag="650" ind1=" " ind2="7">
    <subfield code="a">CD-ROM-levyt</subfield>
    <subfield code="2">ysa</subfield>
  </datafield>
  <datafield tag="650" ind1=" " ind2="7">
    <subfield code="a">optiset tallenteet</subfield>
    <subfield code="2">ysa</subfield>
  </datafield>
  <datafield tag="650" ind1=" " ind2="7">
    <subfield code="a">multimedia</subfield>
    <subfield code="2">ysa</subfield>
  </datafield>
</record>