
<record format="MARC21" type="Bibliographic">
  <leader>00000nam a22      a 4500</leader>
  <controlfield tag="001">3442443482</controlfield>
  <controlfield tag="003">KONVERSIO</controlfield>
  <controlfield tag="005">20180213134828.0</controlfield>
  <controlfield tag="008">001103s2000    gw |||||||||| ||||f ger| </controlfield>
  <datafield tag="020" ind1=" " ind2=" ">
    <subfield code="a">3-442-44348-2</subfield>
    <subfield code="q">nid. :</subfield>
    <subfield code="c">73 FIM</subfield>
  </datafield>
  <datafield tag="035" ind1=" " ind2=" ">
    <subfield code="a">{87769B46-A310-00A3-0749-0030050E2A61}</subfield>
  </datafield>
  <datafield tag="041" ind1="0" ind2=" ">
    <subfield code="a">ger</subfield>
  </datafield>
  <datafield tag="084" ind1=" " ind2=" ">
    <subfield code="a">84.4</subfield>
    <subfield code="2">ykl</subfield>
  </datafield>
  <datafield tag="100" ind1="1" ind2=" ">
    <subfield code="a">Schwanitz, Dietrich.</subfield>
  </datafield>
  <datafield tag="245" ind1="1" ind2="4">
    <subfield code="a">Der Zirkel :</subfield>
    <subfield code="b">Roman /</subfield>
    <subfield code="c">Dietrich Schwanitz.</subfield>
  </datafield>
  <datafield tag="250" ind1=" " ind2=" ">
    <subfield code="a">Genehmigte Taschenbuchausg.</subfield>
  </datafield>
  <datafield tag="260" ind1=" " ind2=" ">
    <subfield code="a">[München] :</subfield>
    <subfield code="b">Goldmann,</subfield>
    <subfield code="c">2000.</subfield>
  </datafield>
  <datafield tag="300" ind1=" " ind2=" ">
    <subfield code="a">445, [1] s. ;</subfield>
    <subfield code="c">19 cm.</subfield>
  </datafield>
  <datafield tag="490" ind1="1" ind2=" ">
    <subfield code="a">Goldmann ;</subfield>
    <subfield code="v">44348</subfield>
  </datafield>
  <datafield tag="590" ind1=" " ind2=" ">
    <subfield code="a">V:2000; H:00073,00mk</subfield>
  </datafield>
  <datafield tag="830" ind1=" " ind2="0">
    <subfield code="a">Goldmann ;</subfield>
    <subfield code="v">44348.</subfield>
  </datafield>
</record>