
<record format="MARC21" type="Bibliographic">
  <leader>00000ccm a22     7a 4500</leader>
  <controlfield tag="001">0711900787</controlfield>
  <controlfield tag="003">KONVERSIO</controlfield>
  <controlfield tag="005">20180213134828.0</controlfield>
  <controlfield tag="007">              </controlfield>
  <controlfield tag="008">951123s1981    xxkrc |  ||||||  |||eng|c</controlfield>
  <datafield tag="020" ind1=" " ind2=" ">
    <subfield code="a">0-7119-0078-7</subfield>
    <subfield code="q">nid. :</subfield>
    <subfield code="c">129 FIM</subfield>
  </datafield>
  <datafield tag="020" ind1=" " ind2=" ">
    <subfield code="a">0-8256-2234-4</subfield>
  </datafield>
  <datafield tag="035" ind1=" " ind2=" ">
    <subfield code="a">{44101B48-A310-00A3-0749-0030050E2A61}</subfield>
  </datafield>
  <datafield tag="041" ind1="0" ind2=" ">
    <subfield code="a">eng</subfield>
  </datafield>
  <datafield tag="084" ind1=" " ind2=" ">
    <subfield code="a">78.8911</subfield>
    <subfield code="2">ykl</subfield>
  </datafield>
  <datafield tag="084" ind1=" " ind2=" ">
    <subfield code="a">78.65</subfield>
    <subfield code="2">ykl</subfield>
  </datafield>
  <datafield tag="100" ind1="1" ind2=" ">
    <subfield code="a">Lennon, John.</subfield>
  </datafield>
  <datafield tag="245" ind1="1" ind2="0">
    <subfield code="a">Fingerpicking Beatles</subfield>
    <subfield code="h">[Nuottijulkaisu] /</subfield>
    <subfield code="c">[säv. &amp; san.] John Lennon &amp; Paul McCartney ; [sov.] Eric Schoenberg.</subfield>
  </datafield>
  <datafield tag="260" ind1=" " ind2=" ">
    <subfield code="a">London :</subfield>
    <subfield code="b">Amsco,</subfield>
    <subfield code="c">cop. 1981.</subfield>
  </datafield>
  <datafield tag="300" ind1=" " ind2=" ">
    <subfield code="a">63 s. :</subfield>
    <subfield code="b">kuv., nuott. ;</subfield>
    <subfield code="c">30 cm.</subfield>
  </datafield>
  <datafield tag="505" ind1="0" ind2=" ">
    <subfield code="a">All my loving ; I feel fine ; Things we said today ; It&apos;s only love ; All m.</subfield>
  </datafield>
  <datafield tag="590" ind1=" " ind2=" ">
    <subfield code="a">V:1981; H:00129,00mk</subfield>
  </datafield>
  <datafield tag="650" ind1=" " ind2="7">
    <subfield code="a">kitara</subfield>
    <subfield code="x">akustinen kitara</subfield>
    <subfield code="2">ysa</subfield>
  </datafield>
  <datafield tag="700" ind1="1" ind2=" ">
    <subfield code="a">Schoenberg, Eric.</subfield>
  </datafield>
  <datafield tag="700" ind1="1" ind2=" ">
    <subfield code="a">McCartney, Paul.</subfield>
  </datafield>
  <datafield tag="710" ind1="2" ind2=" ">
    <subfield code="a">Beatles.</subfield>
  </datafield>
  <datafield tag="900" ind1="1" ind2=" ">
    <subfield code="a">Schönberg</subfield>
    <subfield code="y">Schoenberg</subfield>
  </datafield>
</record>