
<record format="MARC21" type="Bibliographic">
  <leader>00000cam a22001577a 4500</leader>
  <controlfield tag="001">C279B048A31000A307490030050E2A61</controlfield>
  <controlfield tag="003">KONVERSIO</controlfield>
  <controlfield tag="005">20180213134828.0</controlfield>
  <controlfield tag="008">890427s1967    fi |||||||||| |||| |fin|c</controlfield>
  <datafield tag="035" ind1=" " ind2=" ">
    <subfield code="a">{C279B048-A310-00A3-0749-0030050E2A61}</subfield>
  </datafield>
  <datafield tag="041" ind1="1" ind2=" ">
    <subfield code="a">fin</subfield>
    <subfield code="h">eng</subfield>
  </datafield>
  <datafield tag="084" ind1=" " ind2=" ">
    <subfield code="a">93</subfield>
    <subfield code="2">ykl</subfield>
  </datafield>
  <datafield tag="130" ind1="4" ind2=" ">
    <subfield code="a">The Viking</subfield>
  </datafield>
  <datafield tag="245" ind1="1" ind2="0">
    <subfield code="a">Viikingit /</subfield>
    <subfield code="c">[Toim.] Bertil Almgren (päätoim.).. ; Ajatus ja suunnittelu: Ewert Cagner ; Pääkuv.: Åke Gustavsson ; Engl. alkuteoksesta suom.: Juhani Jaskari.</subfield>
  </datafield>
  <datafield tag="260" ind1=" " ind2=" ">
    <subfield code="a">Porvoo ;</subfield>
    <subfield code="a">Hki :</subfield>
    <subfield code="b">WS,</subfield>
    <subfield code="c">[1967]</subfield>
    <subfield code="e">(pain. Italiassa)</subfield>
  </datafield>
  <datafield tag="300" ind1=" " ind2=" ">
    <subfield code="a">287 s. :</subfield>
    <subfield code="b">kuv., kartt. ;</subfield>
    <subfield code="c">4:o.</subfield>
  </datafield>
  <datafield tag="590" ind1=" " ind2=" ">
    <subfield code="a">V:1967; H:  115,00mk</subfield>
  </datafield>
  <datafield tag="650" ind1=" " ind2="7">
    <subfield code="a">viikingit</subfield>
    <subfield code="x">historia</subfield>
    <subfield code="2">ysa</subfield>
  </datafield>
  <datafield tag="700" ind1="1" ind2=" ">
    <subfield code="a">Almgren, Bertil.</subfield>
  </datafield>
  <datafield tag="700" ind1="1" ind2=" ">
    <subfield code="a">Cagner, Ewert.</subfield>
  </datafield>
  <datafield tag="700" ind1="1" ind2=" ">
    <subfield code="a">Jaskari, Juhani.</subfield>
  </datafield>
</record>