
<record format="MARC21" type="Bibliographic">
  <leader>00000ccm a22      a 4500</leader>
  <controlfield tag="001">0825618223</controlfield>
  <controlfield tag="003">KONVERSIO</controlfield>
  <controlfield tag="005">20180213134828.0</controlfield>
  <controlfield tag="007">              </controlfield>
  <controlfield tag="008">010223s2000    xxu|| |  ||||||  |||eng| </controlfield>
  <datafield tag="020" ind1=" " ind2=" ">
    <subfield code="a">0-8256-1822-3 :</subfield>
    <subfield code="c">174 FIM</subfield>
  </datafield>
  <datafield tag="020" ind1=" " ind2=" ">
    <subfield code="a">0-7119-8503-0</subfield>
  </datafield>
  <datafield tag="024" ind1="3" ind2=" ">
    <subfield code="a">9780825618222</subfield>
  </datafield>
  <datafield tag="028" ind1="0" ind2="1">
    <subfield code="b">Amsco</subfield>
    <subfield code="a">AM967472</subfield>
  </datafield>
  <datafield tag="035" ind1=" " ind2=" ">
    <subfield code="a">{6156B248-A310-00A3-0749-0030050E2A61}</subfield>
  </datafield>
  <datafield tag="041" ind1="0" ind2=" ">
    <subfield code="a">eng</subfield>
  </datafield>
  <datafield tag="084" ind1=" " ind2=" ">
    <subfield code="a">78.611</subfield>
    <subfield code="2">ykl</subfield>
  </datafield>
  <datafield tag="084" ind1=" " ind2=" ">
    <subfield code="a">78.315</subfield>
    <subfield code="2">ykl</subfield>
  </datafield>
  <datafield tag="245" ind1="0" ind2="0">
    <subfield code="a">Piano pieces for young children</subfield>
    <subfield code="h">[Nuottijulkaisu] /</subfield>
    <subfield code="c">compiled and edited by Amy Appleby.</subfield>
  </datafield>
  <datafield tag="260" ind1=" " ind2=" ">
    <subfield code="a">New York :</subfield>
    <subfield code="b">Amsco,</subfield>
    <subfield code="c">cop. 2000.</subfield>
  </datafield>
  <datafield tag="300" ind1=" " ind2=" ">
    <subfield code="a">144 s. ;</subfield>
    <subfield code="c">30 cm :</subfield>
    <subfield code="b">nuott. ; kuv.</subfield>
  </datafield>
  <datafield tag="490" ind1="1" ind2=" ">
    <subfield code="a">Everybody&apos;s favorite series</subfield>
  </datafield>
  <datafield tag="505" ind1="0" ind2=" ">
    <subfield code="a">Pianonsoiton harjoitusmateriaaliksi tarkoitettuja helppoja sovituksia tunne.</subfield>
  </datafield>
  <datafield tag="590" ind1=" " ind2=" ">
    <subfield code="a">V:2000; H:00174,00mk</subfield>
  </datafield>
  <datafield tag="650" ind1=" " ind2="7">
    <subfield code="a">soitinmusiikki</subfield>
    <subfield code="x">piano</subfield>
    <subfield code="x">kokoelmat</subfield>
    <subfield code="2">musa</subfield>
  </datafield>
  <datafield tag="650" ind1=" " ind2="7">
    <subfield code="a">piano</subfield>
    <subfield code="x">ohjelmistot</subfield>
    <subfield code="x">lapset</subfield>
    <subfield code="2">musa</subfield>
  </datafield>
  <datafield tag="650" ind1=" " ind2="7">
    <subfield code="a">laulukirjat</subfield>
    <subfield code="2">musa</subfield>
  </datafield>
  <datafield tag="700" ind1="1" ind2=" ">
    <subfield code="a">Appleby, Amy,</subfield>
    <subfield code="e">toim.</subfield>
  </datafield>
  <datafield tag="830" ind1=" " ind2="0">
    <subfield code="a">Everybody&apos;s favorite series.</subfield>
  </datafield>
</record>