
<record format="MARC21" type="Bibliographic">
  <leader>00000ncm a2200205 a 4500</leader>
  <controlfield tag="001">0825852978</controlfield>
  <controlfield tag="003">KONVERSIO</controlfield>
  <controlfield tag="005">20180213134828.0</controlfield>
  <controlfield tag="007">qu</controlfield>
  <controlfield tag="008">040621s2003    xxu||a||||||||||||||eng| </controlfield>
  <datafield tag="020" ind1=" " ind2=" ">
    <subfield code="a">0-8258-5297-8</subfield>
  </datafield>
  <datafield tag="024" ind1="3" ind2=" ">
    <subfield code="a">798408052973</subfield>
  </datafield>
  <datafield tag="028" ind1="0" ind2="1">
    <subfield code="b">Carl Fischer</subfield>
    <subfield code="a">W2574</subfield>
  </datafield>
  <datafield tag="035" ind1=" " ind2=" ">
    <subfield code="a">{6287DA49-A310-00A3-0749-0030050E2A61}</subfield>
  </datafield>
  <datafield tag="041" ind1="0" ind2=" ">
    <subfield code="a">eng</subfield>
  </datafield>
  <datafield tag="084" ind1=" " ind2=" ">
    <subfield code="a">78.81</subfield>
    <subfield code="2">ykl</subfield>
  </datafield>
  <datafield tag="100" ind1="1" ind2=" ">
    <subfield code="a">Fauré, Gabriel,</subfield>
    <subfield code="e">säv.</subfield>
  </datafield>
  <datafield tag="240" ind1="1" ind2="0">
    <subfield code="a">Berceuset,</subfield>
    <subfield code="m">viulu, piano,</subfield>
    <subfield code="n">op16;</subfield>
    <subfield code="o">sov., huilu, piano / Peck</subfield>
  </datafield>
  <datafield tag="245" ind1="1" ind2="0">
    <subfield code="a">Berceuse op.16</subfield>
    <subfield code="h">[Nuottijulkaisu] :</subfield>
    <subfield code="b">flute and piano with piano accompaniment on CD.</subfield>
  </datafield>
  <datafield tag="260" ind1=" " ind2=" ">
    <subfield code="a">New York :</subfield>
    <subfield code="b">Carl Fischer,</subfield>
    <subfield code="c">2003.</subfield>
  </datafield>
  <datafield tag="300" ind1=" " ind2=" ">
    <subfield code="a">1 partituuri (8 s.) ;</subfield>
    <subfield code="c">30 cm +</subfield>
    <subfield code="e">1 ääni (huilu ; 2 s.), 1 CD-äänilevy.</subfield>
  </datafield>
  <datafield tag="490" ind1="1" ind2=" ">
    <subfield code="a">Carl Fischer CD solo series. Grade 3, Achievement level</subfield>
  </datafield>
  <datafield tag="583" ind1=" " ind2=" ">
    <subfield code="a">+1CD +1ÄÄNI.</subfield>
  </datafield>
  <datafield tag="650" ind1=" " ind2="7">
    <subfield code="a">berceuset</subfield>
    <subfield code="x">sovitukset</subfield>
    <subfield code="x">huilu</subfield>
    <subfield code="z">Ranska</subfield>
    <subfield code="y">1890-luku</subfield>
    <subfield code="2">musa</subfield>
  </datafield>
  <datafield tag="700" ind1="1" ind2=" ">
    <subfield code="a">Peck, Donald,</subfield>
    <subfield code="e">sov.</subfield>
  </datafield>
  <datafield tag="830" ind1=" " ind2="0">
    <subfield code="a">Carl Fischer CD solo series.</subfield>
    <subfield code="n">Grade 3,</subfield>
    <subfield code="p">Achievement level.</subfield>
  </datafield>
</record>