
<record format="MARC21" type="Bibliographic">
  <leader>00000ccm a22002657a 4500</leader>
  <controlfield tag="001">C866924BA31000A307490030050E2A61</controlfield>
  <controlfield tag="003">KONVERSIO</controlfield>
  <controlfield tag="005">20180213134828.0</controlfield>
  <controlfield tag="007">qu</controlfield>
  <controlfield tag="008">810911s1965    fi gmz||||||||||||||fin|c</controlfield>
  <datafield tag="035" ind1=" " ind2=" ">
    <subfield code="a">{C866924B-A310-00A3-0749-0030050E2A61}</subfield>
  </datafield>
  <datafield tag="041" ind1="0" ind2=" ">
    <subfield code="a">fin</subfield>
  </datafield>
  <datafield tag="084" ind1=" " ind2=" ">
    <subfield code="a">78.371</subfield>
    <subfield code="2">ykl</subfield>
  </datafield>
  <datafield tag="084" ind1=" " ind2=" ">
    <subfield code="a">78.62</subfield>
    <subfield code="2">ykl</subfield>
  </datafield>
  <datafield tag="245" ind1="0" ind2="0">
    <subfield code="a">Koraalikirja</subfield>
    <subfield code="h">[Nuottijulkaisu] :</subfield>
    <subfield code="b">kahdennentoista yleisen kirkolliskokouksen v. 1938 hyväksymään virsikirjaan.</subfield>
    <subfield code="n">1,</subfield>
    <subfield code="p">Virret 1-370 /</subfield>
    <subfield code="c">[toim.] Armas Maasalo, Taneli Kuusisto, Aleksi Lehtonen.</subfield>
  </datafield>
  <datafield tag="250" ind1=" " ind2=" ">
    <subfield code="a">kahdeksas painos</subfield>
  </datafield>
  <datafield tag="260" ind1=" " ind2=" ">
    <subfield code="a">[Porvoo] :</subfield>
    <subfield code="b">WSOY,</subfield>
    <subfield code="c">1965.</subfield>
  </datafield>
  <datafield tag="300" ind1=" " ind2=" ">
    <subfield code="a">1 sävelmäkokoelma :</subfield>
    <subfield code="b">nuott. ;</subfield>
    <subfield code="c">22 x 29 cm.</subfield>
  </datafield>
  <datafield tag="505" ind1="0" ind2=" ">
    <subfield code="a">Virsikirjan laulujen säestykset (urut), myös alkusoittoja.</subfield>
  </datafield>
  <datafield tag="590" ind1=" " ind2=" ">
    <subfield code="a">V:1965; H:   20,00mk</subfield>
  </datafield>
  <datafield tag="650" ind1=" " ind2="7">
    <subfield code="a">koraalivirsikirjat</subfield>
    <subfield code="2">musa</subfield>
  </datafield>
  <datafield tag="700" ind1="1" ind2=" ">
    <subfield code="a">Maasalo, Armas,</subfield>
    <subfield code="e">toim.</subfield>
  </datafield>
  <datafield tag="700" ind1="1" ind2=" ">
    <subfield code="a">Kuusisto, Taneli,</subfield>
    <subfield code="e">toim.</subfield>
  </datafield>
  <datafield tag="700" ind1="1" ind2=" ">
    <subfield code="a">Lehtonen, Aleksi,</subfield>
    <subfield code="e">toim.</subfield>
  </datafield>
</record>