
<record format="MARC21" type="Bibliographic">
  <leader>00000cmm a22     5a 4500</leader>
  <controlfield tag="001">1862211043</controlfield>
  <controlfield tag="003">KONVERSIO</controlfield>
  <controlfield tag="005">20180213134828.0</controlfield>
  <controlfield tag="007">co||||||||||||</controlfield>
  <controlfield tag="008">971210s1996    fi ||||j|||i||||||||fin|c</controlfield>
  <datafield tag="020" ind1=" " ind2=" ">
    <subfield code="a">1-862-21104-3</subfield>
    <subfield code="q">CD-ROM :</subfield>
    <subfield code="c">275 FIM</subfield>
  </datafield>
  <datafield tag="035" ind1=" " ind2=" ">
    <subfield code="a">{81F5584C-A310-00A3-0749-0030050E2A61}</subfield>
  </datafield>
  <datafield tag="041" ind1="0" ind2=" ">
    <subfield code="a">fin</subfield>
    <subfield code="a">swe</subfield>
  </datafield>
  <datafield tag="084" ind1=" " ind2=" ">
    <subfield code="a">89.31</subfield>
    <subfield code="2">ykl</subfield>
  </datafield>
  <datafield tag="130" ind1="0" ind2=" ">
    <subfield code="a">Lär dig svenska!</subfield>
  </datafield>
  <datafield tag="245" ind1="1" ind2="0">
    <subfield code="a">Opi ruotsia! :</subfield>
    <subfield code="b">lapsille</subfield>
    <subfield code="h">[Atk-tallenne].</subfield>
  </datafield>
  <datafield tag="260" ind1=" " ind2=" ">
    <subfield code="a">London :</subfield>
    <subfield code="b">Eurotalk ;</subfield>
    <subfield code="a">Helsinki :</subfield>
    <subfield code="b">Plan 1,</subfield>
    <subfield code="c">1997.</subfield>
  </datafield>
  <datafield tag="300" ind1=" " ind2=" ">
    <subfield code="a">1 CD-ROM-levy.</subfield>
  </datafield>
  <datafield tag="500" ind1=" " ind2=" ">
    <subfield code="a">Laitteistovaatimukset: Windows: VGA 256 väriä, äänikortti(esim. SoundBlaste.</subfield>
  </datafield>
  <datafield tag="590" ind1=" " ind2=" ">
    <subfield code="a">V:1996; H:00275,00mk</subfield>
  </datafield>
  <datafield tag="650" ind1=" " ind2="7">
    <subfield code="a">ruotsin kieli</subfield>
    <subfield code="x">multimediat</subfield>
    <subfield code="2">ysa</subfield>
  </datafield>
</record>