
<record format="MARC21" type="Bibliographic">
  <leader>00000cam a22     5a 4500</leader>
  <controlfield tag="001">9510087955</controlfield>
  <controlfield tag="003">KONVERSIO</controlfield>
  <controlfield tag="005">20180213134828.0</controlfield>
  <controlfield tag="008">790410s1978    fi |||||||||| |||| bfin|c</controlfield>
  <datafield tag="020" ind1=" " ind2=" ">
    <subfield code="a">951-0-08795-5</subfield>
    <subfield code="q">sid. :</subfield>
    <subfield code="c">49 mk</subfield>
  </datafield>
  <datafield tag="035" ind1=" " ind2=" ">
    <subfield code="a">{EA68E34E-A310-00A3-0749-0030050E2A61}</subfield>
  </datafield>
  <datafield tag="041" ind1="0" ind2=" ">
    <subfield code="a">fin</subfield>
  </datafield>
  <datafield tag="084" ind1=" " ind2=" ">
    <subfield code="a">99.12</subfield>
    <subfield code="2">ykl</subfield>
  </datafield>
  <datafield tag="100" ind1="1" ind2=" ">
    <subfield code="a">Saarisalo, Aapeli,</subfield>
    <subfield code="d">1896-1986.</subfield>
  </datafield>
  <datafield tag="245" ind1="1" ind2="0">
    <subfield code="a">Pietari Kurvinen, kaukokatseinen karjalainen /</subfield>
    <subfield code="c">Aapeli Saarisalo.</subfield>
  </datafield>
  <datafield tag="260" ind1=" " ind2=" ">
    <subfield code="a">Porvoo ;</subfield>
    <subfield code="a">Hki ;</subfield>
    <subfield code="a">Juva :</subfield>
    <subfield code="b">WSOY,</subfield>
    <subfield code="c">1978</subfield>
    <subfield code="e">(Porvoo)</subfield>
  </datafield>
  <datafield tag="300" ind1=" " ind2=" ">
    <subfield code="a">205, [3] s., 8 kuval. :</subfield>
    <subfield code="b">kuv., kartt. ;</subfield>
    <subfield code="c">21 cm.</subfield>
  </datafield>
  <datafield tag="500" ind1=" " ind2=" ">
    <subfield code="a">Lisäpainokset: 2. p. 1978.</subfield>
  </datafield>
  <datafield tag="590" ind1=" " ind2=" ">
    <subfield code="a">V:1978; H:   49,00mk</subfield>
  </datafield>
  <datafield tag="600" ind1="1" ind2="4">
    <subfield code="a">Kurvinen, Pietari,</subfield>
    <subfield code="d">1842-1925.</subfield>
  </datafield>
</record>