
<record format="MARC21" type="Bibliographic">
  <leader>00000com a22     4a 4500</leader>
  <controlfield tag="001">9188969215</controlfield>
  <controlfield tag="003">KONVERSIO</controlfield>
  <controlfield tag="005">20180213134828.0</controlfield>
  <controlfield tag="007">ou</controlfield>
  <controlfield tag="008">030218s2002    sw |||||||||||||||b|rus|c</controlfield>
  <datafield tag="020" ind1=" " ind2=" ">
    <subfield code="a">91-88969-21-5</subfield>
    <subfield code="q">koko teos :</subfield>
    <subfield code="c">39.90 EUR</subfield>
  </datafield>
  <datafield tag="035" ind1=" " ind2=" ">
    <subfield code="a">{B1A3044F-A310-00A3-0749-0030050E2A61}</subfield>
  </datafield>
  <datafield tag="041" ind1="1" ind2=" ">
    <subfield code="a">rus</subfield>
    <subfield code="a">fin</subfield>
  </datafield>
  <datafield tag="084" ind1=" " ind2=" ">
    <subfield code="a">89.710721</subfield>
    <subfield code="2">ykl</subfield>
  </datafield>
  <datafield tag="245" ind1="0" ind2="0">
    <subfield code="a">Venäjän kielikurssi.</subfield>
    <subfield code="p">peruskurssi</subfield>
    <subfield code="h">[Moniviestin].</subfield>
  </datafield>
  <datafield tag="246" ind1="3" ind2=" ">
    <subfield code="a">Russkij jazyk</subfield>
  </datafield>
  <datafield tag="260" ind1=" " ind2=" ">
    <subfield code="a">[Spånga] :</subfield>
    <subfield code="b">Univerb,</subfield>
    <subfield code="c">cop. 2002.</subfield>
  </datafield>
  <datafield tag="300" ind1=" " ind2=" ">
    <subfield code="a">1 opetuspaketti (3 nidettä, 3 CD-äänilevyä)</subfield>
  </datafield>
  <datafield tag="300" ind1=" " ind2=" ">
    <subfield code="a">64 s. :</subfield>
    <subfield code="b">kuv. ;</subfield>
    <subfield code="c">15 cm.</subfield>
  </datafield>
  <datafield tag="300" ind1=" " ind2=" ">
    <subfield code="a">64 s. :</subfield>
    <subfield code="b">kuv. ;</subfield>
    <subfield code="c">15 cm.</subfield>
  </datafield>
  <datafield tag="300" ind1=" " ind2=" ">
    <subfield code="a">30 s. ;</subfield>
    <subfield code="c">15 cm.</subfield>
  </datafield>
  <datafield tag="300" ind1=" " ind2=" ">
    <subfield code="a">3 CD-äänilevyä.</subfield>
  </datafield>
  <datafield tag="500" ind1=" " ind2=" ">
    <subfield code="a">Alkeistaso.</subfield>
  </datafield>
  <datafield tag="500" ind1=" " ind2=" ">
    <subfield code="a">Itseopiskeluun soveltuva venäjän kielen peruskurssi.</subfield>
  </datafield>
  <datafield tag="500" ind1=" " ind2=" ">
    <subfield code="a">Äänitt.</subfield>
  </datafield>
  <datafield tag="650" ind1=" " ind2="7">
    <subfield code="a">venäjän kieli</subfield>
    <subfield code="x">kielikurssit</subfield>
    <subfield code="x">aikuiset</subfield>
    <subfield code="2">ysa</subfield>
  </datafield>
  <datafield tag="650" ind1=" " ind2="7">
    <subfield code="a">venäjän kieli</subfield>
    <subfield code="x">oppimateriaali</subfield>
    <subfield code="x">itseopiskelu</subfield>
    <subfield code="2">ysa</subfield>
  </datafield>
  <datafield tag="650" ind1=" " ind2="7">
    <subfield code="a">venäjän kieli</subfield>
    <subfield code="x">matkailu</subfield>
    <subfield code="2">ysa</subfield>
  </datafield>
  
  
</record>