
<record format="MARC21" type="Bibliographic">
  <leader>00000nam a2200253 a 4500</leader>
  <controlfield tag="001">9132331037</controlfield>
  <controlfield tag="003">KONVERSIO</controlfield>
  <controlfield tag="005">20180213134828.0</controlfield>
  <controlfield tag="008">040907s2004    sw |||||||||| |||| |swe| </controlfield>
  <datafield tag="020" ind1=" " ind2=" ">
    <subfield code="a">91-32-33103-7</subfield>
    <subfield code="q">inb. :</subfield>
    <subfield code="c">9.60 EUR</subfield>
  </datafield>
  <datafield tag="035" ind1=" " ind2=" ">
    <subfield code="a">{9D733E4F-A310-00A3-0749-0030050E2A61}</subfield>
  </datafield>
  <datafield tag="041" ind1="1" ind2=" ">
    <subfield code="a">swe</subfield>
    <subfield code="h">eng</subfield>
  </datafield>
  <datafield tag="084" ind1=" " ind2=" ">
    <subfield code="a">89.319038</subfield>
    <subfield code="2">ykl</subfield>
  </datafield>
  <datafield tag="130" ind1="0" ind2=" ">
    <subfield code="a">Baby names</subfield>
  </datafield>
  <datafield tag="245" ind1="1" ind2="0">
    <subfield code="a">Att välja namn :</subfield>
    <subfield code="b">700 inspirerande namnförslag till din baby /</subfield>
    <subfield code="c">[photography: Debi Treloar] ; [redaktör: Cecilia Gustafsson].</subfield>
  </datafield>
  <datafield tag="246" ind1="3" ind2=" ">
    <subfield code="a">Sju hundra inspirerande namnförslag till din baby</subfield>
  </datafield>
  <datafield tag="260" ind1=" " ind2=" ">
    <subfield code="a">Stockholm :</subfield>
    <subfield code="b">B. Wahlströms,</subfield>
    <subfield code="c">2004.</subfield>
  </datafield>
  <datafield tag="300" ind1=" " ind2=" ">
    <subfield code="a">62, [1] s. :</subfield>
    <subfield code="b">ill. ;</subfield>
    <subfield code="c">15 cm.</subfield>
  </datafield>
  <datafield tag="650" ind1=" " ind2="7">
    <subfield code="a">henkilönnimet</subfield>
    <subfield code="2">ysa</subfield>
  </datafield>
  <datafield tag="650" ind1=" " ind2="7">
    <subfield code="a">etunimet</subfield>
    <subfield code="x">ruotsin kieli</subfield>
    <subfield code="2">ysa</subfield>
  </datafield>
  <datafield tag="650" ind1=" " ind2="7">
    <subfield code="a">nimet</subfield>
    <subfield code="x">ruotsin kieli</subfield>
    <subfield code="2">ysa</subfield>
  </datafield>
  <datafield tag="650" ind1=" " ind2="7">
    <subfield code="a">nimipäivät</subfield>
    <subfield code="2">ysa</subfield>
  </datafield>
  <datafield tag="650" ind1=" " ind2="7">
    <subfield code="a">personnamn</subfield>
    <subfield code="2">allars</subfield>
  </datafield>
  <datafield tag="650" ind1=" " ind2="7">
    <subfield code="a">förnamn</subfield>
    <subfield code="x">svenska</subfield>
    <subfield code="2">allars</subfield>
  </datafield>
  <datafield tag="650" ind1=" " ind2="7">
    <subfield code="a">namn</subfield>
    <subfield code="x">svenska</subfield>
    <subfield code="2">allars</subfield>
  </datafield>
  <datafield tag="650" ind1=" " ind2="7">
    <subfield code="a">namnsdagar</subfield>
    <subfield code="2">allars</subfield>
  </datafield>
</record>